2564 3706
236 86 322 133 226

170 166 326 206 exordio
354 158 539 200 Ecclesiae
570 154 669 194 edita
698 164 811 203 sunt,
839 160 995 207 propter
1023 151 1247 191 clud-“eorum
1272 175 1282 196 ,

170 220 457 265 multorumque
485 210 702 250 Gentilium
751 211 992 262 pervicacem
1037 204 1283 244 incredulita-

170 283 270 311 tem.
301 270 435 321 Neque
456 266 561 304 enim
592 263 741 315 majora
762 270 985 315 argumenta
1016 275 1036 296 a
1067 258 1198 295 nostris
1218 256 1283 293 ad·

169 325 346 364 versariis
374 328 617 374 opponuntur
646 316 844 356 miraculis
875 319 913 353 in
942 312 1115 351 Ecclesia
1153 322 1284 346 recen-

168 381 242 417 tius
263 378 374 415 editis
391 405 401 421 ,
431 387 548 427 quam
571 372 760 411 veteribus
778 375 1059 422 opponerentur
1080 378 1100 400 a
1116 358 1284 424 ludaeis,

171 432 205 469 δε
237 429 487 469 Gentilibus.
533 428 615 465 Imo
644 426 768 464 ausim
799 425 949 466 dicere,
980 430 1054 455 uon
1086 428 1235 453 minora
1264 429 1287 453 a

173 485 286 523 nobis
329 483 459 522 afferri
488 489 681 520 momenta
724 477 771 515 ad
808 471 1047 527 probandam
1087 471 1287 507 veritatem

170 537 454 577 miraculorum
470 565 481 584 ,
511 548 598 588 quae
617 535 656 572 in
673 530 843 569 Ecclesia
866 538 959 578 pene
975 524 1144 576 quotidie
1163 522 1286 570 fiunt,

172 607 291 646 quain
314 591 429 631 allata
460 590 631 633 fuerint,
661 594 724 622 aut
746 581 873 619 afferri
905 580 1043 630 possint
1059 577 1106 614 ad
1135 591 1178 614 ea
1200 589 1288 628 pro-

172 646 325 693 banda,
369 657 457 697 quae
488 645 526 680 iu
556 639 708 677 exordio
740 633 926 674 Ecclesiae
958 630 1130 677 fiebaut3
1177 639 1290 682 atque

171 702 287 739 etiam
319 713 394 737 non
425 699 572 735 minora
604 694 648 728 iis
680 691 796 741 ipsis,
840 699 928 740 quae
959 682 1173 723 afferuntur
1202 697 1290 722 con-

172 762 232 792 tra
261 752 464 799 Effinicos,
494 748 527 784 Sc
557 745 730 791 Judaeos,
773 741 821 779 ad
850 740 1051 779 veritatem
1081 737 1292 776 miraculo-⁵

174 820 263 845 rum
293 806 433 845 Christi
452 833 462 851 ‚
493 801 525 836 ἃ
556 796 824 851 Apostolorum
856 792 1189 832 demonstrandam
1207 819 1218 829 .

231 861 322 899 521.
353 859 595 897 protestantes
642 864 733 889 vero
775 848 931 887 nullum
963 847 1147 886 hactenus
1184 844 1292 883 nobis

176 912 341 965 allegare
389 914 592 962 potuerunt
635 902 872 942 miraculum
917 903 955 940 in
997 901 1182 939 doetrinae
1213 913 1292 938 suae

175 967 505 1006 confirmationem
525 961 668 998 editum
687 973 698 1005 ;
728 971 817 996 cum
833 965 962 995 tamen
992 954 1191 993 miraculis
1212 967 1294 991 ma·

177 1023 281 1060 xime
309 1032 404 1071 opus
433 1030 510 1054 esse
526 1014 717 1053 videretur
737 1012 784 1050 ad
811 1010 1156 1049 extraordinariam
1186 1020 1296 1060 pseu-

178 1073 543 1111 do-resormatorum
575 1069 818 1115 missionem,
867 1078 911 1103 ac
941 1065 1141 1103 veritatem
1183 1074 1295 1101 novae

178 1128 363 1167 doctrinae
394 1121 723 1176 comprobandam
740 1145 751 1158 0

232 1181 327 1220 322.
358 1179 402 1217 ld
430 1188 569 1228 negare
598 1188 673 1213 non
696 1172 861 1220 audent,
891 1172 959 1224 qui
991 1170 1087 1208 inter
1109 1169 1298 1208 Adversa—

178 1235 254 1273 rios
282 1242 366 1272 sunt
395 1231 616 1270 sinceriores
648 1228 711 1279 (cz)
729 1253 739 1265 .
771 1227 917 1263 Verum
939 1239 985 1261 ne
1016 1238 1036 1260 a
1067 1222 1175 1259 nobis
1205 1221 1298 1258 victi

178 1289 410 1334 videantur,
455 1283 680 1334 respondere
710 1279 964 1318 communiter
994 1274 1139 1321 solent,
1178 1276 1298 1312 mira»

179 1341 280 1381 culis
307 1354 403 1392 opus
445 1351 518 1375 non
550 1337 665 1372 fuisse
695 1333 734 1371 in
765 1331 952 1381 Ecclesiae
994 1329 1266 1366 reformatione
1288 1356 1299 1376 ,

184 1409 273 1433 cum
304 1407 379 1431 non
409 1404 501 1429 nova
525 1394 800 1440 proponeretur
828 1385 1028 1431 doctrina,
1059 1395 1149 1434 quae
1179 1382 1300 1419 mira-

177 1448 276 1486 culis
297 1444 521 1485 confirmari
542 1441 722 1488 deberet,
753 1439 814 1477 sed
846 1439 1008 1490 antiqua
1028 1435 1161 1474 multis
1177 1466 1187 1483 ,
1218 1449 1301 1474 ma-

177 1503 341 1554 gnisque
370 1495 570 1537 miraculis
600 1494 679 1547 jam
709 1492 937 1531 confirmata
966 1499 1262 1528 restauraretur.

237 1554 330 1594 525.
361 1552 424 1591 Isti
456 1561 583 1589 tamen
613 1547 879 1586 difficultatem
911 1557 985 1582 non
1015 1544 1191 1595 solvunt,
1239 1541 1303 1582 sed

178 1607 334 1648 eludere
363 1614 574 1645 conantur.
602 1602 758 1641 Certum
787 1609 840 1639 est
868 1601 971 1637 enim
993 1597 1230 1646 Luthemm,
1261 1612 1302 1635 ae

179 1663 327 1715 liosque
357 1662 501 1714 primos
530 1657 737 1695 Novatores
768 1655 808 1693 in
837 1653 1043 1707 pluribus,
1093 1651 1127 1689 St
1157 1653 1301 1704 gravis-

182 1719 293 1755 simis
320 1714 510 1767 capitibus
539 1712 736 1749 recessisse
778 1724 799 1747 a
829 1709 1029 1755 doctrine,
1077 1720 1167 1759 qnae
1198 1720 1302 1744 com-2

183 1771 410 1810 muuissima
452 1769 491 1806 in
522 1764 696 1804 Ecclesia
726 1771 833 1811 erat,
883 1761 916 1798 8(
948 1763 986 1800 in
1016 1772 1093 1813 qua
1138 1761 1213 1813 ipsi
1242 1760 1302 1799 in·-

184 1826 344 1872 structi,
373 1823 407 1858 8<
438 1821 586 1859 educati
609 1820 788 1857 fuerant.
817 1817 902 1855 Jam
935 1828 1025 1854 vero
1053 1815 1239 1867 disputari
1261 1830 1305 1853 a·

184 1879 349 1917 cerrime
378 1877 523 1928 erepit,
553 1888 603 1912 an
625 1874 693 1910 ista
723 1872 918 1919 doctrina,
949 1883 1037 1922 quae
1058 1878 1147 1907 tuuc
1179 1870 1304 1921 primo

186 1929 462 1985 spargebatur,
488 1936 586 1974 esset
614 1927 785 1976 antiquae
815 1923 903 1961 Jesu
932 1924 1101 1970 Christi,
1147 1922 1306 1974 Aposto-

190 1986 394 2036 lorumque
422 1982 603 2020 doctriuae
625 1977 835 2017 conformis
854 2003 861 2013 i
895 1976 937 2013 ld
956 1974 1120 2026 negabat
1140 1983 1214 2011 tota
1234 1976 1308 2012 Ec-

188 2039 332 2083 clesia,
362 2049 451 2088 quae
482 2036 522 2071 in
552 2034 671 2071 veteri
702 2031 931 2083 possessione
961 2042 1041 2065 suae
1072 2027 1256 2065 doctrinae
1287 2042 1310 2065 a

190 2090 280 2130 ΧΠ.
309 2091 343 2127 ἃ
365 2087 533 2139 amplius
562 2084 714 2123 saecnlis
731 2113 741 2131 ,
772 2085 854 2134 ipsa
878 2081 1194 2119 Adversariorum
1216 2092 1308 2117 con·

187 2146 347 2183 sessione
368 2150 473 2179 erat.
503 2138 769 2177 Controversia
789 2135 894 2173 finiri
925 2146 999 2171 non
1020 2141 1187 2184 poterat,
1217 2146 1309 2170 cum

187 2199 394 2239 Novatores
442 2192 594 2231 nullum
624 2191 746 2230 alium
791 2188 961 2240 ejusdem
991 2186 1162 2239 judicem
1193 2199 1309 2238 agno-

190 2261 361 2299 scerent,
405 2249 480 2287 nisi
509 2259 658 2285 sacram
688 2244 959 2296 Scripturam,
998 2253 1116 2293 quam
1148 2248 1309 2292 utraque

187 2319 277 2359 pars
306 2316 378 2357 pro
404 2316 443 2341 se
473 2300 664 2352 allegabat
682 2324 692 2337 .
731 2295 900 2349 Populus
929 2295 1064 2343 rudis,
1094 2294 1162 2346 qui
1193 2308 1230 2332 se
1259 2293 1310 2332 ab

191 2359 375 2398 Ecclesiae
406 2356 629 2395 auctoritate
658 2351 794 2391 divelli
823 2363 956 2404 passus
986 2350 1130 2396 fuerat,
1160 2361 1234 2387 non
1264 2349 1311 2386 iis

191 2423 271 2452 erat
299 2411 480 2451 subsidiis
511 2408 725 2462 praeditus,
773 2413 813 2443 ut
844 2407 883 2443 in
922 2403 1178 2442 controversia
1216 2403 1311 2440 tanti

190 2467 376 2507 momenti
417 2463 612 2517 judicium
641 2462 784 2500 ferret.
832 2457 953 2497 Nulla
982 2470 1072 2509 ergo
1115 2464 1196 2494 erat
1232 2456 1312 2495 alia

242 2636 286 2670 (ιι)
311 2630 392 2665 Non
417 2627 511 2662 enim
538 2625 673 2671 aliquos
698 2632 907 2663 moramur,
940 2619 1001 2666 qui
1027 2618 1164 2655 fabulas
1189 2628 1252 2653 nec
1277 2631 1315 2653 a·-

195 2678 266 2720 pud
292 2689 370 2711 suos
395 2673 546 2710 creditas
573 2673 672 2707 nobis
701 2670 884 2705 venditare
910 2667 1075 2702 student.
1111 2666 1314 2701 Machesins

197 2720 233 2757 'in
258 2727 331 2759 vita
359 2723 505 2757 Lntlieri
532 2721 688 2760 scribit,
732 2731 804 2753 enm
831 2720 948 2751 veneni
985 2717 1166 2760 plurimum
1192 2726 1316 2747 conco-

201 2785 296 2805 stse
311 2793 321 2812 ,
347 2784 387 2805 ac
413 2772 586 2804 (livinitus
604 2775 843 2812 praeseroatzzm
858 2786 868 2805 ,
894 2776 935 2796 ne
962 2765 1065 2797 ullum
1090 2774 1132 2795 ex
1152 2764 1218 2795 illo
1235 2774 1316 2795 con·

204 2819 358 2852 traheret
381 2824 630 2852 nocumentum.
658 2814 780 2847 Helius
807 2811 976 2845 Eubanus
997 2810 1098 2843 Poeta
1125 2821 1193 2841 non
1221 2808 1317 2841 ince-

202 2864 309 2897 lebris
335 2864 552 2897 carminibus
587 2862 743 2895 illustrat
770 2857 866 2893 aliud
897 2856 1111 2890 miraculum
1139 2854 1287 2888 Lutheri
1306 2875 1318 2895 ,

203 2909 296 2953 quod
322 2911 453 2943 scilicet
479 2922 534 2943 an.
566 2909 667 2943 1521.
705 2917 785 2940 cum
813 2903 989 2939 Ersordiae
1026 2902 1230 2936 concionem
1256 2900 1320 2934 ha-

205 2957 303 2989 beret
319 2977 328 2995 ‚
356 2956 541 2990 Diabolum
558 2978 568 2997 ‚
594 2956 655 3001 qui
674 2954 811 2988 trabem
832 2953 1008 2996 ingentem
1029 2961 1108 2984 cum
1124 2958 1239 2993 strage
1258 2961 1322 2982 au-

207 3002 363 3035 ditorum
389 3013 406 3033 e
432 3003 507 3035 loco
532 3015 593 3036 sno
617 3001 782 3046 disjicere
808 2999 1046 3038 moliebatur,
1085 2997 1234 3040 imperio
1259 3006 1322 3028 suo

206 3048 404 3083 cohibuerit
420 3069 428 3077 ·
456 3048 628 3082 Lutlierns
655 3050 727 3093 ipse
751 3047 927 3080 miraculo
951 3042 1201 3083 adscribebat,
1228 3040 1323 3087 quod

203 3094 422 3129 orationibus
452 3094 522 3125 suis
547 3103 694 3127 mortem
720 3093 816 3127 Frid.
842 3092 1002 3138 Myconii
1029 3091 1185 3135 graviter
1211 3100 1322 3134 aegro-

208 3142 318 3175 tantis
345 3138 592 3184 impediverit.
618 3140 774 3184 Denique
800 3147 966 3174 narratur
990 3138 1098 3171 etiam
1114 3156 1125 3177 5
1151 3149 1168 3170 a
1189 3136 1324 3169 Luthe-

207 3201 249 3222 ro
274 3188 380 3222 fuisse
412 3186 577 3231 juvenem
603 3185 782 3219 obsessum
818 3187 1039 3224 liberatum3
1081 3186 1113 3216 ἃ
1139 3183 1323 3227 chirogra-

208 3235 318 3280 phum
344 3233 483 3267 diabolo
507 3244 527 3265 a
552 3230 705 3276 quodam
729 3231 850 3264 datum
876 3234 981 3265 fuisse
1007 3230 1170 3276 precibus
1190 3228 1326 3264 Lutlie-

211 3283 240 3314 ri
268 3282 494 3315 restitutum.
539 3276 604 3311 Sed
630 3277 704 3310 liaec
730 3278 847 3310 omnia
872 3280 927 3311 vel
952 3278 1110 3312 fabulosa
1136 3289 1236 3318 esse,
1267 3276 1326 3308 vel

210 3329 336 3363 virtuti
363 3325 627 3373 supernaturali
653 3323 741 3357 false
768 3321 946 3364 adscribi,
980 3325 1046 3369 ipsi
1072 3324 1227 3359 fautores
1252 3324 1326 3357 Lu-

644 70 794 120 ‘PARS
827 68 884 117 Π.
917 61 1321 136 ΒΙΞΞΕΒΤΑΤΙΟ
1351 58 1434 107 ΙΙΙ.
1467 55 1597 104 cAP.
1637 54 1742 102 VH.
1777 54 1916 103 ΛΒΤ.
1939 54 2017 102 III.

1349 139 1587 180 commodior
1616 138 1707 186 via,
1737 148 1856 190 quam
1877 135 2156 177 miraculorum
2174 160 2185 174 .
2215 128 2257 174 Si
2276 131 2382 175 enim
2404 144 2469 189 po⁶

1350 197 1506 233 tuissent
1536 192 1745 230 Novatores
1788 190 1850 229 vel
1881 204 1957 230 uno
1985 201 2087 231 certo
2130 188 2320 228 miraculo
2356 188 2475 226 fidem

1352 249 1426 288 sibi
1457 246 1691 294 conciliare,
1739 252 1825 283 acta
1854 256 1912 281 res
1940 253 2050 292 erat,
2097 242 2131 280 ἃ
2161 244 2286 282 omnis
2325 251 2473 281 contro*

1352 304 1477 341 versia
1506 299 1655 338 sublata
1673 325 1684 338 .
1731 297 1880 349 Magna
1909 310 1997 348 ergo
2026 306 2114 334 tunc
2151 307 2230 336 erat
2267 295 2476 335 miraculoae

1353 368 1442 394 rum
1473 354 1670 392 necessitas
1689 376 1699 390 .
1746 351 1822 389 Sed
1851 364 1896 390 ea
1925 350 2013 388 fieri
2057 349 2192 389 divina
2234 351 2477 403 providentia

1354 423 1432 448 non
1455 408 1655 460 permisit,
1686 413 1726 444 ut
1750 406 1865 443 etiam
1896 402 1968 442 hac
1989 405 2136 443 ratione
2157 406 2399 443 manifestum
2423 417 2479 442 es-

1355 473 1434 512 set,
1463 474 1581 499 novos
1602 459 1688 497 illos
1718 471 1916 511 praecones
1937 470 2010 496 non
2041 470 2119 495 esse
2140 459 2309 508 antiquae
2340 457 2480 497 doctri-

1353 530 1417 556 nae
1448 524 1742 562 restauratores,
1773 513 1836 550 sed
1857 520 2120 564 corruptores:
2152 511 2250 548 unde
2280 513 2478 550 inexcusata

1356 571 1455 609 biles
1482 570 1641 607 omuino
1669 576 1781 615 sunt,
1828 567 1898 618 qui
1927 579 2061 604 eorum
2090 564 2286 603 erroribus
2327 567 2480 605 incaute

1358 638 1397 663 se
1426 624 1553 674 decipi
1586 622 1847 675 permiserunt
1865 643 1876 657 .

1415 677 1508 722 524.
1538 677 1639 715 Saue
1667 673 1839 713 Christus
1868 673 2057 711 Dominus
2085 671 2315 726 Redemptor
2357 681 2485 711 noster

1359 746 1436 771 nou
1468 732 1540 769 fuit
1570 737 1765 768 contentus
1793 741 1838 766 ex
1870 728 2005 766 veteris
2035 727 2271 765 Testamenti
2314 725 2484 765 oraculis

1360 785 1512 838 liquido
1531 784 1811 831 demonstrare,
1842 793 1880 821 se
1909 794 1987 819 esse
2010 780 2193 819 messiam
2214 783 2254 818 in
2284 780 2366 833 lege
2397 792 2484 833 pro*

1360 843 1522 879 missum
1542 868 1552 887 ,
1584 838 1647 875 sed
1677 835 1863 889 stupenda
1883 835 2033 873 addidit
2055 835 2228 887 prodigia
2244 863 2255 882 ,
2285 835 2426 887 quibus
2449 833 2484 870 St

1361 895 1579 946 sapientum
1609 890 1870 944 pervicaciam
1892 890 2086 938 vinceret,
2115 889 2185 941 qui
2214 901 2312 926 sacr.
2342 888 2487 927 littera*

1362 961 1450 986 rum
1479 944 1638 985 oracula
1668 944 1745 983 alio
1773 941 2075 995 detorquebant,
2114 943 2147 980 &
2177 943 2333 980 rudium
2365 955 2489 994 popu*⁴

1362 999 1490 1039 lorum
1533 1000 1651 1038 fidem
1695 997 1770 1036 sibi
1811 997 2088 1045 conciliarent,
2138 998 2282 1049 quiex
2311 1005 2486 1034 veterum

1364 1054 1644 1107 Prophetarum
1664 1052 1856 1090 vaticiniis
1877 1065 1951 1089 non
1971 1052 2060 1089 satis
2080 1051 2256 1090 convinci
2289 1058 2487 1103 poterant.

1364 1107 1589 1158 Eademque
1619 1104 1899 1144 miraculorum
1927 1102 2122 1156 'potestate
2151 1105 2353 1142 instructos
2383 1104 2487 1156 Apo-

1367 1161 1479 1199 stolos
1509 1163 1547 1197 in
1577 1158 1767 1197 muudum
1798 1159 2020 1196 universum
2051 1160 2155 1196 misit
2193 1160 2238 1196 ad
2270 1167 2491 1197 converten-

1366 1215 1433 1252 das
1462 1221 1617 1264 gentes.
1664 1211 1768 1249 Idem
1799 1211 1969 1263 profecto
1998 1212 2146 1249 fecisset
2175 1211 2279 1250 Deus
2297 1241 2308 1260 ,
2351 1213 2382 1250 si
2413 1210 2493 1250 Lu-

1367 1266 1521 1304 tlierum
1541 1295 1552 1315 ,
1591 1263 1829 1312 Calvinum,
1878 1262 2050 1315 aliosque
2079 1264 2224 1302 similes
2254 1267 2416 1304 misisset
2445 1264 2495 1303 ad

1366 1319 1586 1359 Ecclesiam
1617 1321 1658 1358 in
1688 1317 1766 1355 fide
1794 1317 2081 1355 reformandam
2100 1342 2111 1354 .

1423 1374 1517 1413 525.
1547 1372 1677 1412 Solent
1705 1372 1823 1410 etiam
1843 1369 2088 1409 Protestantes
2116 1368 2224 1408 abuti
2254 1369 2434 1424 exemplo
2453 1369 2496 1411 S.

1368 1426 1524 1467 Joannis
1553 1427 1733 1480 Baptistae
1756 1424 2007 1464 Praectirsoris
2036 1424 2224 1473 Domini,
2255 1439 2373 1477 quem
2401 1439 2494 1464 con-

1369 1492 1439 1521 stat
1467 1481 1623 1520 nullum
1666 1481 1799 1518 fecisse
1828 1477 2068 1518 miraculum
2097 1477 2145 1516 ad
2184 1479 2496 1519 confirmandam

1369 1551 1480 1576 suam
1512 1536 1758 1575 missionem.

1426 1589 1519 1630 526.
1550 1589 1831 1628 Verumtamen
1860 1586 1987 1641 primo
2009 1583 2048 1625 S.
2070 1584 2238 1626 Joannes
2266 1586 2496 1625 novamidOae

1370 1646 1561 1694 ctrinam,
1591 1656 1656 1682 seu
1685 1644 1880 1681 diversam
1909 1642 1960 1680 ab
1988 1655 2059 1689 ea,
2100 1655 2189 1693 quae
2220 1643 2261 1679 in
2292 1641 2498 1694 Synagoga

1370 1699 1554 1752 vigebat,
1584 1710 1658 1736 nou
1688 1695 1955 1749 praedicabat.
1984 1695 2152 1743 Quando
2171 1704 2300 1732 autem
2321 1695 2499 1743 dicebat,

1369 1752 1501 1792 Jesum
1531 1751 1726 1791 Christum
1756 1764 1834 1789 esse
1855 1748 2038 1787 Messiam
2070 1750 2109 1785 in
2129 1746 2211 1800 lege
2241 1751 2499 1800 promissum,

1371 1807 1540 1846 habebat
1569 1805 1830 1844 testimonium
1860 1802 2140 1841 miraculorum
2179 1803 2299 1854 ipsius
2328 1802 2470 1840 Christi
2489 1827 2501 1841 .

1374 1862 1526 1901 Deinde
1554 1869 1704 1899 certum
1734 1868 1815 1907 est,
1846 1869 1920 1894 non
1940 1868 2094 1909 pauca,
2125 1867 2195 1894 nec
2224 1855 2326 1893 levia
2357 1857 2396 1894 in
2417 1854 2502 1906 ejus

1373 1917 1571 1954 nativitate
1592 1914 1693 1953 facta
1715 1914 1830 1952 fuisse
1846 1909 2038 1949 miracula
2054 1939 2065 1958 ,
2095 1909 2238 1962 quibus
2268 1910 2397 1948 futura
2418 1909 2504 1961 ejus

1377 1971 1554 2007 sanctitas
1583 1967 1953 2020 praentinciabatur3
1997 1972 2038 2002 ut
2074 1965 2180 2002 enim
2210 1961 2329 2002 Lucae
2359 1964 2390 2001 Ι.
2421 1964 2505 2001 fuse

1376 2021 1633 2067 describitur,
1683 2019 1879 2056 mirabilis
1909 2018 1983 2055 fuit
2011 2017 2095 2068 ejus
2137 2017 2362 2068 conceptio,
2411 2030 2502 2056 cum

1377 2075 1500 2125 ipsius
1529 2082 1652 2110 mater
1681 2069 1882 2110 Elisabeth
1911 2078 2003 2107 esset
2031 2069 2112 2120 jam
2151 2082 2291 2116 senex3
2341 2069 2504 2109 ulterius

1377 2125 1463 2164 haec
1493 2126 1694 2176 conceptio
1723 2125 1796 2162 fuit
1824 2123 1874 2161 ab
1905 2121 2054 2173 Angelo
2083 2120 2224 2160 Mariae
2257 2122 2413 2175 Virgini
2451 2125 2504 2163 si-

1375 2178 1582 2231 ·gnificata3
1631 2177 1740 2214 tertio
1782 2175 1934 2228 quando
1978 2176 2020 2213 Β.
2057 2172 2177 2226 Virgo
2207 2175 2266 2214 Μ.
2297 2175 2501 2216 Elisabeth

1377 2232 1569 2279 visitavit,
1600 2229 1788 2268 exultavit
1818 2229 1943 2266 infans
1963 2228 2002 2265 in
2032 2236 2138 2265 utero
2166 2228 2275 2280 ejus3
2334 2240 2441 2269 narto
2462 2233 2501 2270 in

1376 2286 1461 2339 ejus
1491 2285 1786 2324 circumcisione
1816 2291 1992 2335 apertum
2023 2290 2076 2319 est
2107 2280 2214 2319 illico
2240 2295 2279 2321 os
2300 2244 2504 2324 {acharias

1379 2340 1552 2393 ejusdem
1582 2340 1730 2392 patris.
1779 2334 1894 2374 Porro
1923 2348 2013 2373 cum
2044 2334 2128 2372 haec
2158 2336 2356 2388 divulgata
2384 2347 2506 2378 essent

1380 2394 1571 2434 miracula
1589 2423 1600 2441 ,
1629 2405 1760 2430 omnes
1789 2389 1993 2429 dicebant:
2041 2393 2126 2442 quis
2155 2399 2274 2441 putas
2302 2403 2398 2443 puer
2427 2396 2503 2432 iste

1378 2452 1453 2489 erit
1469 2448 1493 2487 ?
1522 2450 1672 2487 etenim
1694 2457 1843 2485 manus
1857 2443 2028 2483 Domini
2044 2452 2133 2483 erat
2153 2456 2243 2484 cum
2264 2445 2329 2483 illo
2345 2471 2356 2484 .
2385 2445 2506 2494 Quae-

2360 2511 2454 2540 nam

1383 2609 1524 2648 ‘tlierani
1549 2609 1653 2646 facile
1679 2607 1925 2646 consentiunt,
1951 2605 2032 2643 Non
2057 2619 2112 2642 me
2139 2606 2254 2650 latet,
2280 2605 2478 2643 Lutlierum
2494 2629 2506 2650 ‚

1383 2661 1530 2706 ejusque
1558 2660 1708 2693 asseclas
1732 2658 1941 2702 plerumque
1969 2668 2030 2689 nos
2068 2667 2257 2701 provocare
2285 2654 2328 2689 ad
2368 2657 2507 2690 felicem

1384 2705 1795 2753 pseudo-reiormationis
1820 2703 1982 2742 exitum,
2008 2714 2114 2747 quem
2140 2714 2246 2747 supra
2264 2714 2384 2736 omnes
2413 2703 2505 2740 vires

1383 2755 1582 2794 humanas,
1620 2761 1725 2797 atque
1750 2750 1895 2783 omnino
1919 2747 2157 2794 prodigiosum
2184 2750 2316 2790 fuisse,
2359 2749 2506 2783 dicunt.

1386 2801 1452 2836 Sed
1479 2802 1594 2846 primo
1620 2798 1655 2832 id
1681 2798 1872 2844 probaret,
1895 2795 2132 2841 prodigiosam
2152 2797 2258 2829 fuisse
2284 2797 2508 2842 praedicatio-

1386 2860 1468 2882 nem
1493 2849 1601 2881 etiam
1627 2845 1766 2880 Calvini
1785 2864 1796 2884 ‚
1822 2843 1924 2887 cujus
1949 2843 2064 2876 exitus
2085 2855 2153 2875 non
2171 2844 2290 2876 minus
2310 2855 2418 2888 quam
2435 2845 2507 2877 Lu-

1388 2896 1507 2935 theri,
1531 2892 1717 2928 videbatur
1730 2890 1902 2923 humanas
1916 2890 2007 2922 vires
2023 2900 2189 2934 superare
2203 2911 2214 2930 ,
2241 2891 2422 2934 multoque
2437 2902 2508 2924 ma-

1386 2944 1440 2988 gis
1467 2941 1656 2987 probaret,
1699 2936 1933 2984 prodigiosam
1961 2936 2067 2969 fuisse
2092 2937 2296 2970 missionem
2321 2937 2509 2971 Mahnme-

1390 2991 1462 3030 tis,
1497 2987 1598 3032 cujus
1625 2985 1830 3031 superstitio
1854 2985 1968 3017 multo
1994 2984 2123 3024 latius,
2159 2995 2267 3028 quam
2297 2983 2508 3017 Lutlierani-

1391 3048 1510 3076 smus,
1534 3035 1590 3067 vel
1617 3033 1856 3067 Calviuismus
1875 3052 1885 3071 ,
1910 3029 2139 3064 disseminata
2167 3032 2232 3064 fuit
2248 3053 2256 3062 ·
2287 3029 2420 3064 Deinde
2445 3029 2507 3074 qui

1389 3082 1540 3116 infelicis
1564 3081 1630 3114 aevi
1668 3079 1853 3112 historiam
1889 3076 1976 3111 bene
2004 3077 2126 3118 novit,
2163 3080 2195 3110 &
2221 3087 2341 3116 artes,
2377 3076 2507 3121 quibus

1389 3129 1586 3163 Novatores
1611 3127 1666 3160 usi
1691 3134 1772 3159 sunt
1789 3147 1799 3165 ‚
1826 3126 1997 3158 attentius
2018 3123 2238 3165 considerat,
2264 3124 2365 3157 facile
2385 3121 2507 3163 videt,

1389 3188 1453 3210 nec
1479 3175 1565 3209 adeo
1576 3173 1776 3209 mirabilem
1804 3173 1910 3205 fuisse
1935 3171 2064 3204 funesti
2091 3171 2186 3205 illius
2205 3169 2354 3203 incendii
2376 3181 2506 3214 propa-

1394 3224 1594 3268 gationem.
1622 3219 1689 3254 Sed
1712 3218 1753 3251 de
1780 3219 1971 3258 missione,
1997 3228 2104 3262 quam
2128 3218 2195 3250 sihi
2224 3217 2409 3260 arrogabat
2437 3218 2507 3249 Lu-

1393 3270 1515 3304 tlierus
1528 3291 1539 3311 ,
1563 3268 1688 3312 dignus
1713 3275 1764 3300 est
1781 3288 1792 3307 ‚
1815 3266 1877 3311 qui
1903 3266 2040 3310 legatur
2059 3264 2244 3298 Bossuetus
2263 3263 2299 3297 in
2317 3264 2416 3299 Hist.
2436 3273 2507 3297 vare

1394 3317 1498 3353 Eccl.
1525 3315 1622 3350 Prot.
1648 3313 1727 3349 Lib·
1755 3315 1781 3348 l.
1806 3324 1841 3347 n.
1869 3322 1926 3357 27.
1952 3315 1984 3346 ὃς
2008 3321 2081 3355 seq.
