2457 3710
2158 134 2230 170 VII

82 220 212 270 veluti
248 219 404 265 obtutu
439 229 478 264 et
514 233 650 264 vanos
687 215 1225 262 incredulorum-conatus
1249 247 1261 267 ,
1317 221 1359 256 et
1394 207 1787 271 inexpugnabilem
1829 207 2013 255 victricis
2049 207 2311 269 Religionis

84 287 338 332 firmitatem
374 285 563 346 aspicere
600 295 810 346 possent.
851 282 1035 329 Accedit
1072 280 1228 333 etiam,
1264 275 1386 340 quod
1421 276 1631 320 mirabilis
1668 287 1916 321 nostrarum
1953 275 2184 320 veritatum
2221 292 2298 319 ne—

86 369 169 397 xus
205 362 296 396 non
333 350 576 404 modicam,
614 360 655 393 et
691 348 771 393 sibi
810 349 1026 401 invicem,
1064 357 1103 391 et
1140 345 1219 389 toti
1244 342 1371 388 simul
1394 341 1687 388 Sanctissimae
1714 340 1946 402 Religioni
1981 340 2122 385 lucem
2160 340 2301 386 affun-

85 417 173 472 dit;
210 416 330 478 quod
367 416 418 460 ad
456 415 680 460 bonorum
720 415 856 459 fidem
893 414 1030 474 magi-s
1058 412 1284 472 magisque
1322 407 1677 454 confirmandam
1703 407 1944 468 plurimum
1981 406 2180 452 confert.
2216 406 2309 452 His<

83 483 363 544 potissimum
400 481 453 525 de
490 481 626 526 causis
665 481 851 543 primam
891 480 1024 538 hujus
1059 476 1296 521 voluminis
1333 472 1548 534 isagogici
1576 482 1778 534 partem,
1812 490 1904 517 non
1940 471 2084 516 solum
2120 471 2298 525 utilem,

83 548 158 592 sed
197 547 323 609 plane
360 548 648 591 necessarium
681 546 912 609 reputavi,
965 555 1010 588 ut
1047 553 1199 588 contra
1235 540 1452 594 Atheos,
1504 539 1726 592 Deistas,
1784 549 1823 582 et
1860 537 2215 589 Naturallslas,
2260 548 2309 581 et·

83 611 237 665 Deum
272 623 513 657 creatorem
535 648 546 667 ,
583 629 631 659 ac
669 612 941 674 provisorem
977 609 1181 654 omnium
1217 607 1401 651 existere
1423 641 1434 660 ,
1469 621 1517 649 ac
1554 605 1747 649 divinam
1784 603 1974 664 religiosi
2011 602 2149 647 cultus
2185 619 2303 647 reve-

82 677 291 723 lat-ionem
330 677 582 739 possibilem
611 695 729 732 esse,
767 677 983 738 nobisque
1008 674 1206 720 omnino¹
1231 671 1516 716 necessariam
1538 705 1550 726 ,
1585 680 1626 715 et
1661 669 1845 715 demum
1880 668 2086 731 singulari
2110 667 2196 714 Dei
2232 666 2307 712 be-

86 744 251 789 neficio
287 743 446 789 factam
483 762 574 790 esse
611 745 1012 789 demonstraretur.

155 809 277 856 Huic
313 821 464 872 postea
498 812 627 855 altera
663 824 762 870 pars
795 806 1023 863 succedet,
1079 805 1130 850 in
1161 820 1246 866 qua
1281 819 1383 848 enm
1422 804 1470 848 iis
1504 820 1662 850 manus
1698 803 1984 850 conferendae
2020 812 2145 847 erunt
2167 836 2179 855 ‚
2231 800 2306 863 qui

90 891 329 937 supernam
367 876 546 938 quidem
572 873 823 934 Religionis
857 883 1020 918 nostrae
1055 870 1370 916 revelationem
1404 885 1449 918 se
1485 871 1680 914 venerari
1718 870 2013 932 profitentur,
2050 867 2220 912 nullum
2241 877 2309 911 ta-

85 956 190 986 men
226 952 421 994 certum,
457 950 586 1003 atque
624 937 895 984 infallibilem
930 946 1175 1001 agnoscunt
1211 935 1410 996 ejusdem
1448 934 1762 996 interpretem3
1798 953 1888 998 quo
1926 936 1973 980 fit
1995 969 2006 989 ,
2054 944 2100 978 ut
2136 932 2302 987 velint,

86 1006 258 1060 nolint,
294 1006 338 1049 in
375 1006 562 1068 impium
599 1005 950 1051 Naturalismum
985 1002 1242 1051 delabantur
1267 1036 1277 1045 -
1330 999 1495 1047 Parum
1532 1000 1730 1062 quippe,
1767 1012 1837 1045 aut
1876 999 1983 1045 nihil
2020 998 2198 1062 prodest
2235 998 2315 1042 di·-

85 1071 232 1117 vinam
269 1070 394 1116 sateri
430 1070 772 1125 revelationem,
808 1071 841 1116 si
868 1089 1020 1117 verum
1057 1083 1412 1132 germanumque
1448 1066 1560 1110 illius
1584 1083 1761 1111 sensum
1799 1066 1943 1111 nullus
1979 1066 2127 1117 vivus,
2162 1081 2213 1108 ac
2234 1081 2308 1108 su-

84 1152 266 1197 premus
299 1136 438 1197 judex
474 1134 686 1192 indubia,
726 1148 929 1200 certaque
966 1137 1054 1182 fide
1091 1149 1372 1198 proponere,
1408 1148 1458 1176 ac
1492 1132 1785 1177 determinare
1824 1132 1989 1194 possit,
2040 1147 2089 1175 ac
2124 1128 2324 1174 fidenter

90 1200 308 1255 dixerim,
345 1202 483 1265 magis
517 1203 598 1249 sibi
635 1201 887 1258 cohaerere,
938 1203 1011 1266 qui
1047 1201 1186 1247 solam
1223 1197 1468 1244 naturalem
1504 1199 1722 1243 rationem
1761 1199 1803 1242 in
1843 1196 2094 1258 Religionis
2128 1195 2324 1255 negotio¹

90 1266 356 1313 audiendam
394 1286 485 1314 esse
521 1269 829 1326 contendunt,
887 1286 1030 1333 quam
1057 1268 1130 1331 qui
1168 1266 1320 1313 Deum
1357 1264 1500 1326 ipsum
1539 1263 1675 1309 nobis·
1704 1281 1782 1325 per
1816 1263 2094 1324 Prophetas,
2148 1277 2197 1304 ac
2233 1276 2325 1321 per·

85 1332 367 1394 unigenitum
406 1335 579 1382 Filium·
606 1352 737 1381 suum
774 1353 957 1390 arcana,
1009 1345 1049 1380 et
1087 1331 1326 1378 ineffabilia
1360 1348 1451 1376 suae
1488 1330 1740 1377 Divinitatis
1777 1329 1980 1391 mysteria
2016 1325 2312 1373 manifestasse

89 1398 298 1452 credunt;
337 1411 376 1445 et
415 1413 564 1464 postca
600 1402 852 1462 cujusmodi
887 1420 937 1447 ea
973 1401 1092 1456 sint,
1128 1410 1168 1444 et
1205 1397 1343 1461 qualis
1378 1395 1641 1443 eorumdem
1677 1395 1996 1457 intelligentia,
2033 1394 2236 1448 incertae,
2272 1402 2320 1436 et.

86 1460 228 1509 fallaci
269 1464 505 1512 hominum
541 1468 827 1530 disputationi
864 1468 1065 1513 relictum
1103 1464 1233 1510 fuisse
1270 1462 1564 1509 arbitrantur.

157 1529 345 1575 Nullum
382 1543 497 1577 certe
534 1532 765 1578 absurdius
790 1534 1068 1594 paradoxum
1105 1528 1345 1586 excogitari
1372 1530 1563 1585 potuisse
1600 1528 1798 1579 videtur3
1835 1536 1875 1567 et
1911 1536 2057 1591 [amen
2095 1523 2182 1568 boc
2219 1534 2313 1578 est,-

89 1594 184 1639 imo
221 1607 327 1640 teste
349 1597 393 1640 S.
421 1597 680 1652 Augustino
705 1597 805 1652 (a),
842 1596 930 1633 hoc
967 1597 1047 1633 suit
1070 1603 1245 1648 semper
1280 1588 1485 1630 omnium
1524 1586 1834 1631 haereticorum
1859 1601 1997 1630 ἠ’-*τον
2025 1586 2192 1635 ψεῦὲος,
2232 1588 2302 1633 hic
2359 1637 2363 1640 ⁴

86 1659 283 1720 primus,
320 1667 363 1701 et
396 1656 602 1719 capitalis·>
625 1672 770 1705 error.
808 1654 924 1699 nolle
960 1668 1197 1715 supremo,
1237 1661 1275 1694 ct
1316 1648 1528 1695 infallibili
1557 1651 1765 1697 Ecclesiae
1791 1652 2026 1698 Tribunali
2063 1658 2197 1697 tasees
2235 1653 2325 1696 liu--

93 1723 256 1768 militer
289 1721 580 1778 submittere,
638 1720 851 1767 infallibili
887 1730 1033 1765 autem
1070 1717 1279 1764 Ecclesiae
1316 1715 1483 1777 iudicio
1529 1716 1790 1779 repudiato,
1848 1717 1952 1778 quid
1990 1717 2103 1761 aliud
2156 1728 2316 1772 restat,

94 1806 228 1852 quam
264 1789 478 1834 doctrinae
514 1788 714 1834 revelatae
740 1786 1180 1848 interpretationem,
1216 1799 1357 1835 vano,
1395 1782 1688 1836 inconstanti,
1725 1782 2037 1846 erroribusque
2074 1783 2206 1845 pleno
2242 1800 2317 1827 cu-

88 1853 268 1916 juslibet
306 1853 501 1899 hominis
538 1855 706 1916 privato
744 1851 913 1914 judicio
951 1849 1242 1914 permittere?
1292 1848 1429 1911 Quod
1465 1866 1718 1911 quanquam
1758 1866 1837 1910 per
1871 1866 1915 1893 se
1952 1849 2312 1894 absurdissimum

89 1920 155 1965 vet
194 1920 295 1981 ipso<
326 1920 473 1980 primo
508 1920 716 1980 adspectu
751 1917 980 1971 videatur,
1035 1915 1314 1978 pertinaciter
1348 1926 1496 1959 tamen
1533 1934 1555 1961 a
1590 1913 1894 1961 Novatoribus
1931 1915 2214 1969 defenditur3
2266 1932 2315 1960 ae

89 1995 181 2040 tot,
223 2001 271 2029 ac
304 1985 464 2038 tantis,
510 2001 562 2029 ac
597 1995 685 2029 tam
723 1984 858 2028 acutis
893 1979 1238 2046 sophismatibus
1273 1980 1330 2024 ita
1365 1981 1663 2026 controversia
1699 1980 1795 2026 haec
1833 1980 2062 2026 obscurata
2099 1981 2208 2035 fuit,
2265 1992 2314 2026 ut

89 2066 184 2095 non
222 2050 400 2095 modico
436 2049 583 2095 labore
637 2067 751 2112 opus
785 2050 836 2095 sit
890 2049 944 2093 ad
983 2047 1096 2093 hanc
1130 2045 1507 2095 fundamentalem
1543 2047 1796 2107 Religionis
1841 2047 2040 2093 revelatae
2087 2048 2314 2091 veritatem

89 2115 210 2161 clarav
241 2117 282 2161 in
321 2115 414 2161 tuce
451 2115 735 2178 ponendam,
788 2133 837 2160 ac
874 2112 1211 2167 vindicandam,
1269 2111 1390 2174 quod
1428 2128 1510 2156 nos
1547 2113 1671 2158 omni
1709 2112 1934 2174 diligentia
1974 2111 2277 2175 proestabimus
2301 2148 2325 2168 „

87 2181 245 2244 primo·
273 2181 471 2228 funditus
507 2181 745 2227 evertendo
781 2181 893 2226 varia
931 2199 963 2226 a
990 2180 1192 2227 Sectariis
1227 2178 1502 2238 excogitata,
1554 2190 1594 2223 et
1629 2178 1743 2224 male
1778 2180 2011 2224 constituta
2060 2179 2275 2240 principia
2301 2214 2312 2232 ,

89 2246 249 2293 deinde
285 2266 340 2292 ex
378 2259 587 2311 perpetua
611 2283 625 2301 ,.
659 2248 955 2310 invariataque
982 2246 1215 2304 Majorum
1255 2254 1510 2289 nostrorum
1535 2245 1732 2290 doctrina
1767 2261 2020 2307 supremam
2059 2242 2313 2290 Pastoribns

89 2311 298 2359 Ecclesiae
337 2314 467 2369 fidei,
503 2331 774 2378 morumque
811 2312 1129 2359 controversias
1165 2308 1407 2356 definiendi
1445 2320 1708 2370 potestatem
1744 2327 2013 2364 asseremus;
2050 2311 2170 2372 quod
2208 2312 2312 2353 uni·

90 2395 192 2424 cum
230 2390 292 2425 est
327 2379 525 2425 medium
563 2379 690 2425 nobis
725 2397 748 2424 a
787 2379 873 2426 Dei
914 2376 1195 2440 providentia.
1224 2375 1376 2419 datum
1410 2376 1462 2419 ad
1500 2374 1596 2420 lites
1633 2374 1879 2431 finiendas,
1932 2376 1985 2421 ad
2022 2375 2124 2419 fidei
2172 2374 2322 2419 unita-

91 2453 182 2489 tem
215 2445 472 2490 servandam
495 2482 505 2501 ,
542 2446 594 2490 ad
632 2462 803 2492 errores
840 2443 1160 2495 eliminandos,
1196 2452 1327 2503 atque
1364 2450 1412 2484 ut
1435 2440 1618 2503 quilibet
1654 2451 1857 2486 nostrum
1891 2442 1944 2486 sit
1980 2441 2024 2485 in
2062 2441 2150 2485 [ide
2183 2437 2313 2484 stabi-

88 2508 163 2563 lis,
199 2527 246 2554 ac
283 2528 501 2558 securus..
526 2512 632 2574 Quo
670 2512 712 2557 iu
751 2512 850 2556 loco
886 2511 1016 2556 etiam
1054 2509 1106 2553 de
1134 2508 1272 2553 Rom.
1309 2506 1540 2552 Pontificis
1577 2507 1619 2551 in
1657 2506 1857 2552 universa
1894 2505 2086 2552 Ecclesia
2123 2506 2322 2567 primatu·

89 2574 425 2627 urisdictionis,
461 2577 504 2619 in
528 2593 618 2638 quo
647 2576 702 2620 D.
739 2577 799 2620 N.
838 2577 885 2622 J.
923 2576 972 2621 C.
1014 2575 1157 2637 posuit
1197 2572 1511 2618 Ecclesiasticae
1548 2573 1734 2617 unitatis
1763 2583 1989 2625 centrum,
2025 2571 2160 2616 multa
2199 2571 2319 2616 diee-

88 2655 136 2684 re
172 2638 421 2701 oportebit.
459 2640 530 2686 Eo
565 2641 686 2685 enim
724 2640 948 2685 sollicitius
983 2640 1079 2685 haec
1098 2655 1304 2700 suprema
1327 2639 1602 2700 Apostolicae
1641 2638 1766 2684 Sedis
1803 2640 2045 2683 auctoritas.
2071 2638 2208 2681 modo
2234 2636 2311 2681 de-

90 2704 311 2750 fendenda
347 2718 439 2761 cst,
490 2723 589 2770 quoi
617 2722 716 2750 eam
754 2723 843 2750 non
880 2704 1025 2751 solum
1063 2703 1115 2748 ab
1154 2704 1369 2750 baereticis
1405 2716 1445 2749 et
1481 2703 1766 2749 schismaticis
1803 2715 1948 2764 aperte
1987 2703 2135 2761 negari
2165 2737 2176 2755 ,
2235 2701 2321 2746 sed.

95 2769 117 2831 Q
152 2771 273 2832 quod
311 2772 491 2818 min-ime
527 2771 854 2834 expectandum
892 2782 978 2816 erat
1016 2769 1037 2831 )
1073 2787 1096 2815 a
1133 2769 1394 2833 quibusdam
1433 2770 1591 2822 etiam,
1628 2770 1702 2832 qui
1739 2769 1956 2812 catholico
1995 2769 2175 2813 nomine
2213 2768 2311 2829 glo-

92 2834 288 2890 riantur,
325 2839 445 2901 quasi
484 2856 561 2901 per
596 2838 824 2884 cuniculos
861 2837 1067 2883 insidiose
1092 2837 1376 2900 oppugnari,
1403 2846 1441 2881 et
1479 2835 1599 2899 quod
1627 2835 1752 2898 pejus
1788 2845 1877 2889 est,
1915 2834 2034 2879 laetis
2071 2834 2201 2878 etiarn
2225 2828 2319 2877 tol-2

97 2900 151 2957 li,
189 2919 460 2967 magnopere
497 2903 740 2951 dolemus„

151 3062 216 3112 (a)
246 3063 367 3114 Epist.
395 3068 480 3106 ¹18.
511 3083 544 3107 c.
570 3068 605 3107 5.
636 3069 684 3107 T.
706 3069 754 3107 ΙΙ.
774 3099 784 3118 ‚
813 3069 882 3107 u'bi
911 3064 986 3107 ait:
1030 3070 1054 3089 “
1078 3066 1139 3105 Illi
1159 3097 1169 3115 ,
1199 3067 1266 3120 qui
1296 3076 1383 3104 cum
1415 3067 1455 3104 i'n
1486 3066 1655 3111 unitate,
1685 3072 1796 3114 atque
1827 3063 2097 3099 communione
2126 3057 2320 3096 catholica«

94 3143 122 3163 „
152 3128 225 3154 non
255 3119 353 3166 sint,
382 3120 592 3160 Christiano
620 3132 745 3160 tamen
775 3124 927 3160 nomine
955 3122 1191 3172 gloriantur,
1228 3128 1412 3170 coguntur
1441 3119 1631 3156 adversari
1661 3115 1901 3154 credentibus
1920 3141 1929 3151 .
1984 3115 2056 3151 Sed
2090 3112 2156 3149 lioe
2189 3113 2323 3148 facere-

95 3197 122 3216 υ
151 3179 366 3219 Οθςιιυωϊ,
397 3183 434 3210 ut
463 3175 568 3223 dixi,
598 3178 688 3227 quia
719 3175 842 3226 jacere
871 3189 908 3213 se
937 3176 1191 3225 abjectissime
1212 3174 1399 3220 sentiunt,
1430 3173 1457 3208 si
1489 3184 1621 3208 eorum
1652 3171 1853 3207 auctoritas
1883 3182 1970 3204 cnm
2003 3169 2224 3204 anctoritate
2246 3178 2307 3199 ca-

95 3248 123 3269 »
152 3220 292 3261 tholica
321 3226 533 3264 conferatur
550 3255 559 3264 .
587 3230 781 3266 Conantur
806 3241 893 3281 ergo
922 3231 1203 3265 auctoritatem
1219 3224 1521 3263 stabilissimam
1540 3222 1849 3275 sinulatistt'tnae
1870 3218 2064 3257 Ecclesioe
2081 3248 2090 3264 ,
2122 3218 2225 3268 qnasi
2250 3228 2307 3251 ra-

96 3301 122 3320 „
153 3276 262 3314 tionis
292 3281 444 3317 nomine
464 3310 474 3329 ,
505 3279 538 3316 &
567 3279 838 3332 pollicitatione
867 3292 1072 3334 superare.
1115 3278 1308 3319 Omnium
1337 3283 1444 3317 enim
1477 3277 1750 3325 'imeneorum
1780 3278 1894 3326 (suast
1921 3273 2117 3325 regularis
2145 3277 2202 3307 esc
2232 3271 2317 3303 ista

99 3354 125 3374 ι,
155 3335 403 3381 temeritas„
421 3359 430 3371 .
941 3329 945 3334 '
1782 3339 1790 3345 ·
