2564 3706
692 108 955 165 OSTEND.
987 107 1074 155 Ex
1106 106 1313 164 MOTU,
1342 102 1520 150 DEUM
1552 104 1728 149 ESSE.

103 213 173 258 9ο.
203 201 315 254 Resp.
344 198 492 239 etiamsi
517 194 771 248 concedatur,
798 211 928 239 omnes
947 193 1168 250 cujuscum-

57 273 133 312 que
161 257 326 308 corporis
365 262 489 306 partes
531 266 608 290 esse
638 253 678 291 in
707 263 890 305 perpetuo
919 261 1052 300 motu,
1093 265 1169 295 uon

53 312 141 350 iude
168 308 294 357 effici,
325 306 428 345 hunc
457 314 604 344 motum
632 320 709 345 esse
731 308 899 345 materiae
931 307 1143 358 ingenitum
1155 319 1170 351 5,

51 364 115 404 sed
142 362 268 414 potius
296 359 423 399 dicere
451 359 658 409 debemus,
688 360 866 398 eumdem
887 373 964 399 esse
994 360 1166 397 materiae

50 416 227 470 partibus
255 415 616 453 communicatum.
663 412 712 451 Et
740 415 919 466 quamvis
950 412 1063 451 facile
1092 425 1169 450 non

50 470 98 508 ait
126 481 260 509 causas
288 468 329 506 in
359 466 533 504 medium
562 465 698 504 afferre
716 496 726 514 ,
767 482 789 505 a
818 467 959 519 quibus
989 475 1111 504 motus
1140 465 1172 502 i-

49 531 103 562 ste
123 522 452 568 communicetur,
481 532 571 557 cum
601 528 730 559 tamen
750 522 986 571 experientia
1006 526 1170 566 constet,

81 583 176 614 artes
203 574 374 613 materiae
404 571 601 611 sensibiles
630 586 704 611 non
735 575 880 611 moveri
907 603 918 622 ,
947 573 1024 612 nisi
1054 571 1102 610 ab
1132 586 1172 609 a·

49 588 164 680 Bqua
190 641 306 666 causa
334 625 585 678 impellantur
614 626 662 664 ad
692 636 836 664 motum
858 656 870 674 ,
900 641 923 666 a
951 640 1029 678 qua
1059 638 1173 663 causa

52 683 172 723 etiam
201 681 339 734 pendet
370 677 404 716 8(
431 679 616 727 (ὶῐτεᾶῐο,
659 679 692 715 8(
722 680 924 728 celeritas,
954 679 1042 717 inde
1071 686 1172 715 certa

53 734 232 786 analogia
259 731 491 772 concludere
521 730 718 784 possumus
735 764 746 781 ‚
784 735 901 771 etiam
932 739 1057 784 partes
1083 729 1175 768 sub-

55 787 224 836 tiliores,
255 786 289 823 8(
319 784 558 826 insensibiles
587 800 663 825 non
693 787 861 838 ingenita
888 786 957 832 vi,
987 782 1050 822 sed
1079 781 1176 820 alia-

53 853 148 881 rum
179 851 387 879 causarum
417 839 590 892 impulsu
631 839 877 878 determinari
906 837 956 875 ad
992 844 1173 880 motum3

51 908 78 934 a
107 892 251 947 quibus
272 895 387 934 etiam
417 895 543 931 causis
561 891 861 944 repetenda‹erit
890 890 1109 941 quantitas,
1141 886 1176 923 8(

54 945 217 987 ᾶίτεᾶὶο
246 956 395 985 motus.
432 947 532 984 Cum
562 953 687 982 autem
717 942 940 994 hujiismodi
969 954 1174 980 causarum

50 1002 168 1038 series
196 1013 271 1038 non
309 1000 424 1052 possit
451 1011 529 1036 esse
567 995 748 1044 infinita,
791 994 978 1048 oportebit
1019 994 1174 1033 tandem

49 1053 103 1093 ad
131 1052 305 1104 aliquam
335 1051 503 1103 primam
530 1049 737 1098 devenire,
766 1063 856 1102 qnae
878 1050 924 1087 sit
953 1050 1070 1087 totius
1093 1060 1175 1085 mo-

54 1113 116 1143 tus
145 1107 278 1158 orig0,
306 1116 448 1156 nempe
477 1102 525 1142 ad
555 1101 682 1140 Deum
705 1131 716 1151 ,
759 1104 833 1155 qui
860 1102 993 1142 omnia
1021 1109 1176 1150 movet,

60 1159 143 1211 ipse
174 1156 389 1196 immobilis
417 1169 578 1195 manens
597 1181 611 1194 .

109 1222 180 1262 91.
210 1208 326 1248 Dices
353 1211 544 1249 secundo.
571 1209 670 1247 Cum
682 1210 850 1250 'materia
879 1217 1020 1248 constet
1048 1208 1175 1251 exin·

57 1259 229 1304 dividuis
256 1264 414 1302 omnino
443 1263 702 1314 heterogeneis
720 1293 731 1311 ‚
758 1265 815 1302 ita
844 1272 883 1303 ut
912 1277 982 1301 nec
1010 1262 1086 1300 duo
1115 1264 1176 1300 in-

54 1317 180 1356 veniri
209 1317 350 1369 possint
379 1315 453 1355 sibi
481 1314 647 1369 perfefile
676 1316 844 1366 similia,
871 1329 1022 1355 necesse
1051 1317 1176 1354 omni-

53 1380 103 1410 no
139 1378 230 1418 est,
271 1378 312 1408 ut
354 1383 395 1408 in
426 1383 562 1411 eorum
607 1371 792 1408 mixtione
828 1379 952 1409 motus
994 1370 1140 1407 oriatur
1163 1399 1176 1417 ,

53 1435 146 1463 cum
175 1437 311 1475 nempe
340 1423 392 1462 ita
420 1423 677 1476 adaptantur,
714 1432 757 1462 ut
795 1424 834 1462 iu
861 1437 900 1462 se
930 1432 1063 1462 mutuo
1091 1436 1176 1474 age-

54 1486 124 1523 re,
154 1476 189 1512 8(
217 1489 369 1526 reagere
398 1479 563 1527 possint.
591 1476 659 1515 Sic
689 1477 888 1525 videmus,
915 1476 1112 1515 miscendo
1130 1475 1177 1512 li-

54 1538 248 1571 maturam
280 1529 399 1577 ferri,
441 1528 634 1580 sulphur,
677 1528 712 1566 8(
739 1542 883 1580 aquam
901 1557 912 1577 ,
953 1537 1075 1566 totum
1105 1526 1177 1565 hoc

56 1584 223 1624 mixtum
253 1582 380 1634 primo
408 1580 608 1630 calefieri,
655 1595 702 1620 ac
730 1582 865 1620 deiude
903 1580 1143 1620 inflammari
1164 1605 1175 1619 ·

53 1632 178 1684 Haec,
223 1634 376 1686 aliaque
407 1635 445 1671 id
484 1647 607 1684 genus
643 1635 902 1683 experimenta
937 1632 1176 1678 ostendunt,

54 1697 203 1744 motum
232 1686 392 1730 materia
420 1685 610 1738 produci,
639 1693 754 1738 atque
783 1683 1026 1736 augeritsine
1055 1682 1178 1722 alicu-

54 1754 118 1792 Jus
144 1739 290 1783 externi
318 1741 465 1792 agentis⁴
488 1750 705 1778 concursu.

108 1806 179 1846 92.
211 1792 324 1845 Resp.
354 1794 399 1832 In
427 1791 653 1843 hujusmodi
675 1787 1032 1831 fermentationibus
1060 1790 1178 1841 origi-

57 1860 151 1886 nem
181 1855 307 1886 motus
332 1859 483 1898 semper
511 1859 590 1884 esse
617 1854 814 1884 externam
845 1844 910 1897 (a)
929 1870 940 1882 .
969 1843 1070 1882 Nam
1101 1844 1180 1896 pri-

57 1913 125 1939 mo
151 1913 302 1952 semper
329 1912 425 1950 opus
453 1906 507 1936 est
535 1898 672 1952 aliquo
699 1908 851 1939 externo
879 1905 1032 1949 agente,
1062 1911 1083 1936 a
1103 1910 1183 1949 quo

59 1966 222 2005 corpora
249 1952 318 1991 illa
346 1950 598 2002 heterogenea
640 1953 893 1990 misceantur:
935 1963 981 1988 ex
1009 1964 1047 1987 se
1076 1951 1182 1988 enim

59 2018 221 2058 corpora
249 2004 320 2045 illa
346 2016 548 2056 nunquam
576 2004 655 2047 sibi
682 2003 1054 2056 appropinquabunt
1070 2013 1110 2041 ut
1137 2017 1182 2041 u-

60 2072 157 2101 num
185 2071 299 2111 agere
326 2058 442 2111 possit
471 2057 512 2097 in
540 2056 670 2104 aliud.
702 2057 852 2097 Deinde
870 2057 1183 2097 fermentationes

57 2112 141 2157 istae
168 2111 256 2153 fieri
283 2109 491 2156 creduntur—
518 2121 649 2156 mutua
684 2110 966 2164 particularum
995 2108 1181 2149 atu-afflo-

58 2178 135 2214 ne,
162 2177 281 2218 quam
310 2161 568 2204 attractionem
597 2178 675 2203 esse
696 2166 734 2202 iu
761 2165 988 2217 corporibus
1017 2165 1182 2212 scimus,

63 2232 140 2258 non
165 2227 296 2256 tamen
324 2218 520 2256 credimus
558 2231 640 2256 esse
667 2218 844 2256 materiae
875 2218 1086 2269 ingenitam
1109 2231 1119 2263 ;
1150 2217 1185 2253 8(

60 2270 234 2315 melioris
260 2280 358 2311 notae
386 2270 607 2324 philosophi
626 2271 795 2310 fatentur
812 2300 822 2318 ‚
853 2270 966 2309 illain
985 2285 1007 2309 a
1027 2269 1111 2314 Deo
1130 2284 1187 2308 es-

64 2339 103 2364 se
132 2324 295 2365 inditam
322 2324 520 2373 materiae,
547 2323 585 2361 8(
613 2337 691 2364 esse
717 2333 868 2365 naturae
896 2323 1187 2377 phoenomenon

63 2379 239 2418 omnium
267 2377 583 2419 obscurissimum
600 2405 612 2417 .

116 2431 185 2484 93.
216 2431 330 2471 Dices
357 2433 487 2471 tertio.
515 2432 616 2471 Cum
642 2442 724 2472 non
743 2433 875 2471 omnes
901 2432 1077 2470 materiae
1098 2439 1188 2484 pro-

66 2485 243 2537 prietates
282 2483 499 2527 essentiales
539 2485 647 2529 nobis
683 2493 782 2531 notae
821 2485 900 2525 sint
914 2514 927 2536 ‚
981 2483 1069 2523 fieri-
1104 2491 1187 2538 pot—

119 2648 171 2686 (α)
198 2643 289 2679 Bene
313 2645 548 2684 observarunt
563 2666 576 2686 ‚
601 2645 662 2690 qui
695 2651 851 2692 {rs-lema
868 2652 991 2680 natum
1016 2644 1057 2680 ad
1085 2639 1192 2680 trutie

69 2702 154 2727 nam
179 2701 391 2727 revocarunt
408 2714 418 2733 ,
443 2691 519 2736 ejus
545 2695 716 2729 auderem
732 2714 744 2733 ‚
777 2701 815 2726 ut
841 2693 876 2725 in
902 2692 1060 2736 pluribus
1087 2693 1190 2735 aliis,

73 2738 125 2772 ita
152 2738 188 2771 in
213 2738 278 2773 hoc
304 2739 443 2784 capite,
467 2739 537 2772 sibi
564 2739 786 2783 apertissime
811 2737 1072 2772 contradicere.
1098 2738 1190 2776 Nam

73 2784 102 2819 Ι.
130 2784 165 2817 Ρ.
192 2795 269 2828 cap.
299 2795 330 2818 2.
367 2788 399 2818 &
421 2796 512 2830 saepe
539 2786 654 2826 alibi,
686 2785 833 2819 omnino
865 2786 1015 2826 statuit,
1055 2785 1191 2821 nullum

70 2841 146 2865 esse
173 2830 210 2863 in
233 2839 360 2868 natura
383 2840 519 2866 motum
547 2839 787 2876 spontaneum,
813 2830 874 2865 sed
898 2831 1090 2876 quemlihet
1118 2843 1190 2869 esse

70 2880 297 2920 acquisitum,
333 2889 391 2911 seu
418 2878 462 2912 ab
488 2878 607 2923 aliqua
631 2890 734 2913 cansa
761 2878 1059 2913 communicatum
1076 2900 1085 2909 .
1129 2878 1192 2912 Vi—

72 2920 146 2957 deri
173 2932 316 2967 possunt
343 2924 434 2958 inter
459 2924 544 2961 alios
565 2922 706 2969 Bergier
730 2924 884 2963 Examen
905 2921 951 2958 >du
977 2926 1189 2962 materialis-

72 2980 124 3002 me
156 2970 176 3001 Ξι
195 2969 291 3002 Paris
314 2969 499 3013 1775.v01.
523 2983 552 3004 1.
580 2972 616 3005 in
639 2982 692 3004 12.
722 2971 765 3004 T.
792 2973 818 3004 l.
844 2981 920 3015 cap.
941 2973 972 3005 3.
989 2974 1020 3004 &
1045 2970 1122 3003 Joh.
1147 2968 1189 3003 (le

76 3015 246 3049 castillon
272 3015 514 3051 Observations
541 3031 598 3052 sm·
624 3021 659 3052 le
684 3020 770 3052 liure
792 3020 932 3056 intitul&
961 3022 1115 3063 syste‘me
1139 3018 1186 3055 de

71 3062 107 3096 ῑα
130 3069 253 3095 mature
279 3073 308 3094 c.
337 3062 370 3095 5.
397 3063 547 3097 Ber-oliui
578 3065 679 3109 1781.
705 3065 774 3099 vol.
804 3075 834 3098 ι.
861 3065 896 3098 in
922 3065 957 3098 8.

119 3109 167 3147 (b)
197 3108 248 3142 De
266 3106 332 3142 hac
357 3106 653 3145 demonstratione
666 3133 677 3152 ,
703 3119 773 3156 qua
793 3123 836 3145 ex
855 3119 953 3145 motu
970 3107 1166 3146 ostenditur
1179 3127 1190 3149 ,

73 3163 147 3187 esse
173 3154 313 3196 Deum,
349 3154 422 3198 agit
447 3156 482 3188 S.
509 3154 664 3192 Thomas
691 3157 730 3191 1...
756 3158 783 3190 l.
823 3165 944 3191 contra
971 3157 1132 3190 Gentiles
1160 3167 1189 3190 c.

80 3199 134 3234 13.
162 3202 194 3239 ,δι
218 3201 246 3235 1.
270 3201 307 3235 P.
333 3209 458 3246 quaest·
487 3211 520 3235 2.
546 3211 616 3241 art.
641 3204 675 3242 3·
700 3203 763 3245 ubi
786 3215 865 3248 eam
890 3211 990 3243 vocat
1016 3207 1103 3241 viam
1127 3214 1191 3237 ηια·

2234 112 2291 160 {5

1234 202 1316 245 est,
1345 192 1518 248 aliquam
1547 207 1628 231 esse
1661 194 1759 230 inter
1801 190 1967 244 ignotas,
1998 205 2043 230 ex
2077 206 2154 246 qua
2186 206 2350 233 necessa·

1233 251 1293 289 rio
1321 247 1414 287 fluat
1442 246 1615 299 ejusdem
1644 246 1817 285 materiae
1847 256 1973 286 motus
1990 276 2002 296 ‚
2031 247 2093 288 vel
2121 256 2273 287 conatus
2302 248 2350 287 ad

1235 310 1384 342 motum
1401 327 1413 339 .

1290 356 1356 408 94.
1388 354 1501 407 Resp.
1533 352 1690 392 Frustra
1717 352 1844 404 quaeri
1873 361 2019 391 motum
2042 355 2079 393 in
2110 355 2348 407 proprietati-

1235 410 1307 448 bus
1337 411 1506 447 materiae
1535 407 1643 446 nobis
1673 406 1838 458 ignotis,
1867 419 1957 444 cuni
1987 417 2124 446 constet
2152 410 2351 447 materiam

1240 477 1285 500 ex
1315 476 1381 501 sua
1409 470 1546 501 natura
1588 473 1665 497 esse
1695 457 1972 497 indifferentem
2001 460 2050 497 ad
2078 469 2247 510 motum,
2290 460 2352 500 vel

1239 517 1286 555 ad
1319 517 1513 568 quietem,
1541 512 1578 552 8(
1604 527 1696 552 cuin
1723 513 1955 564 experientia
1985 525 2052 551 nos
2077 513 2229 562 doceat,
2272 529 2353 556 ma-

1242 571 1377 608 teriam
1407 581 1620 620 numquam
1649 566 1795 605 moveri
1826 566 1898 604 nisi
1925 565 1977 603 ab
1997 564 2130 618 aliqua
2155 580 2272 605 causa
2290 579 2356 606 ex-

1242 623 1357 660 terius
1388 621 1612 674 impellente
1655 628 1802 658 motum
1831 619 2027 670 recipiat;
2067 634 2092 657 a
2119 633 2197 672 qua
2238 619 2354 663 etiam

1240 689 1353 713 causa
1382 677 1500 712 oritur
1530 673 1564 709 8(
1591 671 1773 721 ᾶίτεᾶἰο,
1803 670 1837 708 8(
1865 673 2055 724 quantitas
2083 681 2228 710 motus.
2258 671 2356 710 Fru-

1242 738 1316 766 stra
1336 730 1453 766 etiam
1473 726 1604 766 austor
1623 728 1859 779 systemati&
1878 734 2039 765 naturae
2060 725 2256 778 distinguit
2276 737 2357 764 mo-

1241 789 1327 818 tum
1355 783 1466 819 totius
1496 793 1630 819 massae
1661 795 1684 820 a
1713 788 1816 819 motu
1845 778 2127 832 particularum
2158 779 2358 818 insensibi-

1242 831 1342 870 lium
1360 863 1371 881 ,
1398 833 1434 886 8(
1461 834 1670 882 contendit,
1698 834 1874 886 primum
1900 833 1995 872 oriri
2022 832 2074 872 ab
2099 833 2264 872 externis
2283 833 2358 870 im-

1242 885 1450 939 pulsibus,
1478 887 1600 924 alium
1628 900 1721 924 vero
1746 900 1826 925 esse
1854 887 2063 932 innatum;
2091 886 2225 938 Tpotius
2251 886 2360 927 enim

1242 952 1289 978 ex
1318 938 1496 990 analogia
1524 938 1703 990 colligere
1731 939 1915 978 debemus
1932 969 1943 988 ‚
1990 948 2033 978 ut
2059 940 2234 993 primum
2251 968 2262 987 ‚
2306 939 2360 983 ita
2397 960 2401 961 ν

1242 992 1359 1031 etiam
1387 992 1597 1031 secundnm
1628 992 1677 1029 ab
1705 1000 1858 1031 externa
1887 993 2020 1045 aliqua
2067 1006 2183 1034 causa
2209 1005 2361 1046 semper

1243 1060 1322 1085 esse
1351 1046 1707 1090 communicatum3
1755 1044 1790 1081 8(
1818 1048 1996 1098 quamvis
2039 1059 2114 1084 non
2142 1059 2292 1097 semper
2320 1046 2361 1090 iu

1241 1107 1426 1152 promptu
1446 1100 1516 1147 sit,
1546 1097 1646 1136 lianc
1666 1106 1858 1135 externam
1878 1111 2032 1136 causam
2049 1099 2267 1150 designare,
2295 1097 2360 1139 de-

1243 1154 1381 1195 bemus
1401 1161 1527 1190 tamen
1546 1150 1681 1190 saltem
1709 1163 1906 1200 assurgere
1925 1150 1972 1188 ad
1993 1151 2162 1202 primam
2182 1164 2337 1189 causam
2349 1179 2366 1201 ,-

1241 1220 1382 1259 nempe
1410 1206 1566 1254 Deum,
1595 1204 1664 1256 qui
1693 1203 1741 1241 ad
1770 1201 1887 1254 liujus
1906 1204 2074 1245 universi
2102 1201 2363 1255 pulchritudi-

1242 1273 1355 1308 nem,
1383 1269 1533 1298 motum
1552 1257 1725 1295 materiae
1757 1255 1791 1292 8(
1821 1255 1947 1308 primo
1967 1257 2184 1307 impressit,
2215 1254 2249 1293 8(
2277 1268 2363 1308 per=

1241 1323 1358 1366 petuo
1386 1314 1426 1352 in
1454 1326 1499 1350 ea
1527 1320 1723 1349 conservat
1740 1341 1751 1360 ,
1779 1311 1964 1362 varieque
1988 1309 2213 1356 distribuit,
2243 1308 2278 1347 8t
2306 1308 2364 1348 di‹

1243 1368 1333 1419 tigit
1363 1379 1432 1419 pro
1462 1364 1614 1404 infinita
1641 1378 1711 1402 sua
1739 1364 1953 1416 sapientia,
1983 1362 2016 1400 8(
2047 1363 2242 1414 potentia.

1298 1420 1365 1472 95.
1396 1418 1488 1470 Obj.
1504 1420 1638 1456 tertio.
1668 1418 1711 1456 Si
1732 1429 1866 1456 verum
1882 1426 1933 1456 est
1948 1415 2019 1454 hoc
2038 1415 2216 1455 effatum:
2245 1412 2365 1466 quo&

1245 1485 1413 1523 cumque
1443 1481 1645 1517 movetur,
1675 1469 1727 1509 ab
1755 1471 1837 1507 alio
1867 1478 2040 1509 movetur
2058 1498 2068 1516 ,
2110 1468 2266 1507 nullum
2296 1481 2364 1519 po-

1242 1534 1312 1564 test
1341 1540 1418 1563 esse
1447 1524 1686 1576 principium
1714 1531 1869 1569 motus,
1898 1522 1962 1560 sed
1991 1523 2062 1559 erit
2092 1534 2214 1574 usque
2243 1522 2284 1560 in
2306 1522 2364 1560 in·

1246 1579 1400 1619 finitum
1428 1576 1751 1627 progrediendum
1768 1604 1778 1622 ,
1807 1583 1849 1612 ut
1876 1573 1988 1615 nulla
2015 1575 2065 1614 sit
2092 1576 2222 1628 prima
2250 1587 2366 1616 causa

1246 1642 1402 1667 movens
1419 1657 1430 1675 ‚
1461 1627 1494 1663 8(
1523 1640 1599 1664 non
1629 1636 1761 1664 mota.

1301 1681 1366 1733 96.
1394 1680 1508 1731 Resp.
1537 1679 1620 1716 Hoc
1650 1688 1769 1717 totum
1798 1692 1878 1716 esse
1907 1692 2075 1729 verum,
2119 1680 2150 1717 si
2192 1678 2290 1718 nihil
2321 1680 2366 1718 sit

1248 1744 1388 1788 praeter
1418 1733 1534 1784 hujus
1562 1732 1734 1771 universi
1760 1733 1866 1771 ’entia
1895 1731 2029 1778 finita,
2059 1731 2093 1767 8(
2122 1732 2367 1769 circumscri-

1248 1797 1314 1840 pta
1338 1802 1349 1834 ;
1395 1799 1472 1825 non
1515 1795 1642 1823 autem
1668 1785 1702 1822 si
1731 1785 1963 1836 egredientes
1992 1783 2041 1822 ab
2072 1783 2143 1822 hoc
2187 1785 2363 1822 universo

1247 1854 1404 1883 causam
1436 1840 1678 1877 inveniamus
1707 1839 1829 1876 omnis
1859 1847 1981 1876 motus
2013 1837 2224 1884 infinitam,
2263 1836 2298 1877 8(
2327 1850 2366 1874 o-

1247 1895 1525 1946 mnipotentem
1544 1921 1555 1940 ,
1581 1904 1720 1944 nempe
1751 1890 1878 1929 Deum
1896 1921 1908 1939 ,
1947 1891 2015 1943 qui
2046 1889 2258 1931 immobilis
2287 1892 2368 1943 ipse

1248 1959 1480 1999 permanens
1508 1946 1640 1984 omnia
1683 1953 1780 1982 nutu
1808 1957 1877 1982 suo
1904 1943 1954 1982 ad
1984 1954 2128 1985 motum
2168 1943 2335 1995 impellit
2355 1968 2366 1982 .

1248 2002 1374 2039 Immo
1401 2002 1441 2038 in
1471 1998 1541 2039 hoc
1571 2000 1653 2050 ipso
1682 1999 1739 2038 vis
1768 1999 1883 2037 nostri
1911 2000 2126 2050 argumenti
2157 1999 2277 2050 posita
2294 2006 2368 2047 est,

1249 2064 1290 2099 ut
1318 2055 1503 2107 quoniam
1542 2064 1620 2096 non
1646 2064 1846 2104 possumus
1888 2051 1928 2089 in
1959 2050 2126 2091 motibus
2163 2063 2369 2101 corporum

1248 2120 1371 2161 usque
1401 2108 1441 2146 in
1470 2106 1669 2145 infinitum
1695 2105 1893 2158 progredi,
1921 2103 2128 2148 debeamus
2156 2105 2306 2146 taudem
2322 2102 2370 2149 ad

1248 2161 1429 2213 aliquam
1459 2160 1675 2212 principem
1718 2172 1874 2197 causam
1903 2159 2130 2210 pervenire,
2177 2170 2266 2210 quae
2296 2157 2369 2195 im-

1253 2214 1412 2252 mobilis
1429 2214 1514 2265 ipsa
1541 2225 1773 2264 permanens
1800 2212 1980 2250 omnibus
1998 2211 2113 2251 rebus
2141 2219 2290 2251 motum
2308 2221 2369 2250 ar=

1254 2266 1398 2311 bitratu
1425 2278 1496 2311 suo
1520 2267 1787 2308 communicat
1813 2264 1896 2316 (b).

2235 2527 2322 2570 CA-

1259 2640 1476 2689 mfestiorem
1500 2637 1543 2681 ad
1566 2639 1813 2687 probandum,
1837 2641 1951 2679 Deum
1977 2649 2048 2672 esse
2065 2661 2073 2670 .
2120 2638 2173 2672 Ex
2201 2635 2374 2688 recentia*

1258 2691 1357 2730 ribus
1384 2699 1502 2724 autem
1527 2687 1636 2726 videri
1663 2696 1806 2733 possunt
1838 2687 1873 2720 P.
1901 2686 2054 2720 Thomas
2077 2685 2182 2718 Vinc.
2201 2682 2373 2726 Moniglia

1259 2738 1297 2771 in
1323 2736 1426 2770 Diss.
1453 2744 1572 2770 contra
1597 2735 1859 2769 Materialistas
1884 2734 1919 2766 P.
1950 2735 1973 2766 1.
1998 2735 2076 2765 sest.
2105 2741 2136 2767 2.
2163 2732 2195 2773 ᾗ.
2224 2729 2256 2766 5.
2295 2737 2372 2767 tum

1260 2784 1297 2817 P.
1325 2786 1366 2817 ll.
1392 2786 1469 2821 seet-
1495 2783 1529 2814 3.
1567 2781 1628 2814 ubi
1667 2781 1779 2815 multa
1805 2777 1997 2813 eruditione
2034 2777 2098 2811 hoc
2123 2784 2372 2821 argumentum

1261 2843 1280 2864 a
1306 2829 1483 2867 veteribus
1510 2825 1675 2862 Ecclesiae
1703 2826 1865 2860 Pati-ihus
1894 2828 2077 2861 tractatum
2111 2817 2288 2862 'ostendit3
2329 2832 2370 2854 ae

1257 2877 1388 2909 iterum
1414 2873 1450 2907 P.
1478 2875 1537 2906 lli.
1564 2876 1641 2909 seer.
1670 2885 1702 2905 2.
1736 2872 1880 2916 Clieyne
1907 2872 1941 2904 in
1967 2871 2038 2904 suis
2065 2868 2259 2912 Principiis
2285 2866 2373 2900 Phi·-

1257 2922 1449 2964 Iosophicis
1471 2919 1668 2963 Religionis
1695 2920 1890 2961 naturalis,
1916 2914 2056 2960 Bergier
2079 2917 2168 2955 dans
2195 2917 2372 2949 l'examen

1257 2971 1301 3002 du
1318 2968 1563 3000 materialisme
1584 2965 1627 3001 T.
1649 2967 1672 2997 Ι.
1693 2977 1723 2998 c.
1750 2975 1777 3000 1-
1804 2963 1968 2998 Clarkins
1987 2963 2115 3008 aliique
2137 2962 2208 2994 fere
2225 2973 2371 3003 omnes,

1258 3014 1317 3058 qui
1344 3026 1385 3046 ex
1404 3011 1576 3047 effectibus
1595 3011 1708 3045 Deum
1735 3022 1808 3044 esse
1827 3007 2066 3046 demonstrare
2087 3008 2238 3053 aggressi
2265 3015 2345 3040 sunt
2362 3028 2370 3036 .

1257 3059 1478 3104 Sophisu'iata
1493 3066 1630 3098 autem,
1644 3054 1772 3101 quibus
1791 3058 1905 3091 ᾱῖλᾶοῐ·
1921 3059 2130 3100 systematis
2150 3063 2273 3088 namrae
2290 3065 2367 3098 pro-

1257 3107 1342 3141 bare
1361 3114 1505 3138 conatus
1522 3110 1573 3137 est
1589 3122 1601 3144 ,
1618 3111 1753 3139 motum
1771 3112 1843 3136 esse
1862 3103 2018 3136 materiae
2034 3102 2229 3146 ingenitum
2243 3123 2254 3142 ,
2275 3105 2371 3142 egre·-

1260 3152 1313 3197 gie
1332 3150 1492 3191 detexit,
1511 3153 1543 3185 &
1565 3150 1715 3194 explosit
1735 3150 1768 3190 J.
1795 3148 1837 3187 de
1866 3148 2038 3188 Castillon
2066 3149 2102 3182 in
2127 3159 2228 3193 opere
2256 3154 2368 3189 super.

1259 3207 1344 3234 nota
1367 3196 1513 3236 laudato
1537 3207 1613 3242 cap.
1642 3194 1675 3233 5.
