2564 3706
290 128 366 173 104

225 205 262 240 in
281 202 446 251 legibus,
477 198 516 235 iu
535 197 775 236 caeremoniis
792 228 802 246 ‚
831 198 872 235 in
893 197 1155 249 dogmatibus,
1186 198 1222 234 iu
1256 197 1327 232 mi-

225 253 389 300 raculis,
420 253 459 289 in
490 250 724 302 prophetiis,
754 249 812 289 vel
843 250 928 289 aliis
958 253 1069 289 rebus
1089 249 1327 302 gravioribus

222 307 285 355 (u)
304 333 313 343 .
344 306 521 356 Denique
542 305 694 352 fortasse
714 306 842 342 omnia
865 304 930 342 illa
953 306 1109 341 nomina
1140 304 1252 338 etiam
1275 314 1327 337 ac-

220 369 291 397 tate
320 358 468 403 Moysis
507 359 545 395 in
576 371 645 396 usu
683 359 797 396 fuisse
832 358 1082 395 demonstrant
1116 354 1203 391 Nat.
1238 353 1326 390 Ale-

219 405 630 463 xandel·,'ani11ius,
661 411 843 459 Huc-tius,
885 419 995 460 atque
1025 409 1139 444 etia-m
1168 403 1326 442 Ceillier

217 464 331 503 Τοιη.
362 466 391 505 L
421 464 489 502 cles
518 463 620 502 aubi.
650 464 788 502 eccles.
818 464 932 513 capit.
969 474 1001 497 1.

275 519 363 564 154.
393 519 479 556 lust.
500 519 681 556 secundo.
706 518 852 555 (lenes,
869 512 1055 551 XXXVI.
1079 511 1143 549 51.
1165 511 1197 547 8(
1218 525 1323 563 sequ.

214 580 297 610 octo
318 585 419 623 reges
439 580 707 609 enumerantur
723 600 733 617 ,
763 567 829 619 qui
851 574 1100 615 regnaverunt
1122 567 1160 602 in
1182 564 1300 602 Etlon
1314 596 1323 614 ,

217 635 437 676 antequam
467 624 654 662 haberem
674 626 807 673 regem
824 619 905 670 filii
926 618 1080 662 Isriiel5
1109 631 1185 671 quo
1205 631 1247 654 ex
1269 618 1324 655 lo-

214 692 260 715 co
289 679 424 716 triolex
454 679 599 726 exurgit
627 684 755 713 contra
778 686 840 709 uos
869 681 1164 722 argumentum„
1195 671 1324 709 Primo

213 715 392 769 eni1n¹fit
421 732 562 769 mentio
583 728 738 778 insignis
767 723 872 762 illius
892 726 1133 772 mutationis,
1163 739 1249 777 quae
1281 727 1320 763 in

212 785 413 836 republica
442 781 586 821 Israelis
616 781 714 818 facta
743 787 817 826 est,
847 779 1003 830 quando
1030 778 1234 816 Judicibu's
1264 792 1322 816 re-

211 836 320 883 iectis
347 837 437 876 Saul
482 838 521 873 in
550 846 673 883 regem
704 833 955 883 inauguratus
993 831 1066 869 fnit
1104 831 1212 882 longe
1241 841 1321 884 post

211 884 360 935 Moysis
387 890 531 927 obitum
549 912 560 924 .
589 885 739 924 Deinde
758 893 841 922 octo
862 883 920 923 illi
950 898 1052 936 reges
1082 885 1130 923 ab
1150 885 1250 923 Esau
1280 899 1319 921 o-

210 938 370 994 riginem
409 940 633 985 t1·al1ebant;
676 948 711 977 at
740 951 830 978 vero
871 938 1041 977 a'Jacob
1070 939 1187 976 fratre
1217 938 1318 976 Esau

211 1009 328 1046 usque
344 995 389 1031 ad
402 993 575 1045 Non=em
591 994 740 1031 nonnisi
757 1001 918 1045 quatuor
931 993 1186 1043 generationes
1206 992 1317 1030 efflu-

206 1056 358 1092 xerunt3
389 1046 551 1099 Moysen
582 1047 685 1084 euim
716 1045 820 1083 filius
850 1046 1009 1083 Amram
1028 1075 1037 1093 ,
1069 1046 1141 1084 filii
1171 1046 1319 1095 caath,

209 1099 286 1138 filii
308 1101 430 1147 Levi,
451 1100 524 1138 filii
540 1099 675 1138 Jacob:
696 1112 770 1137 non
792 1108 995 1151 potnerunt
1017 1111 1104 1150 ergo
1119 1109 1194 1138 tam
1210 1100 1320 1138 brevi

205 1161 375 1204 tempore
395 1162 476 1192 octo
506 1167 608 1205 reges
633 1166 680 1190 ex
700 1152 850 1191 familia
870 1151 971 1190 Esau
1001 1153 1072 1190 sibi
1095 1154 1293 1191 succedere
1310 1181 1320 1191 .

203 1207 374 1245 -Demum
405 1216 543 1258 praeter
569 1215 650 1244 octo
673 1220 776 1257 reges
804 1206 918 1243 etiam
942 1205 1117 1242 nonnulli
1147 1207 1258 1244 duces
1279 1208 1319 1243 in

207 1258 343 1297 Edom
365 1259 509 1302 ibidem
531 1269 798 1306 numerantur,
818 1272 911 1309 quos
932 1267 1028 1295 certe
1045 1257 1198 1310 Moyses
1218 1259 1318 1296 mul-

203 1322 242 1350 to
271 1315 398 1350 minus
427 1326 578 1350 noscere
608 1314 753 1364 potuit,
783 1325 872 1348 cum
903 1311 1056 1361 regibus
1084 1312 1123 1347 in
1145 1311 1318 1349 ldumaea

206 1367 472 1410 successerint3
501 1366 640 1403 dicitur
662 1366 763 1402 enim
786 1363 1033 1414 Pizralipom.
1055 1364 1082 1400 Ι.
1107 1364 1169 1401 51.
1201 1364 1320 1402 Adai!

207 1428 342 1456 (iucem
372 1428 526 1455 mortuo
549 1419 646 1469 (qui
670 1424 880 1468 postremus
903 1430 1034 1467 regum
1065 1417 1168 1467 fuit)
1200 1417 1318 1455 (luces

203 1485 273 1520 pro
303 1470 456 1523 regibus
484 1474 524 1507 ιή
555 1469 689 1507 Eclom
718 1478 923 1518 caeperunt
953 1483 1038 1507 csse
1068 1468 1138 1507 &c.
1175 1471 1317 1523 quibus

202 1524 331 1562 verbis
360 1524 577 1570 evincitur,
606 1523 720 1560 duces
749 1523 967 1560 successisse
997 1523 1174 1574 regibus.

261 1577 349 1614 155.
381 1575 491 1628 Resp.
524 1575 654 1614 Missis
677 1575 842 1614 aliorum
876 1577 1123 1628 opinionibus
1153 1577 1209 1630 (h)
1228 1609 1238 1628 ,
1269 1579 1317 1617 ad

201 1631 373 1682 primum
404 1639 669 1681 argumentum
699 1630 813 1678 dico,
843 1644 888 1669 ea
916 1629 1055 1669 verba:
1092 1641 1315 1683 autequam

203 1683 394 1721 haberent
423 1696 561 1735 regem
590 1683 674 1734 filii
704 1682 855 1732 Israel,
899 1697 975 1721 non
1012 1698 1088 1722 esse
1119 1687 1315 1724 referenda

201 1737 249 1774 ad
278 1735 460 1782 Saulem,
505 1745 544 1774 ut
572 1736 633 1774 JO.
662 1736 833 1775 Clericus
863 1737 978 1788 (Dis.
1010 1738 1048 1777 5.
1091 1738 1139 1777 cle
1168 1739 1316 1778 Penta-

200 1787 326 1828 teuclzi
347 1788 561 1837 affore),
592 1789 743 1841 aliique·
758 1791 1015 1840 contendunt,
1047 1793 1106 1830 sed
1132 1794 1179 1831 ad
1199 1793 1315 1841 Moy-

200 1856 279 1880 sen·
298 1872 308 1890 ,
337 1843 405 1893 qui
435 1842 561 1881 latiori
591 1856 701 1880 sensu
731 1844 802 1881 fuit
831 1844 1043 1896 appellatus
1065 1844 1154 1884 Rex
1183 1863 1205 1886 a
1224 1841 1315 1885 Plii-

201 1894 286 1932 lone
317 1897 386 1946 (in
406 1895 488 1946 ejus
509 1896 617 1947 vita)
648 1895 710 1943 Sc,
740 1905 780 1934 ut
809 1897 942 1935 volunt
970 1897 1096 1947 plures
1128 1901 1314 1953 interpre-

201 1958 283 1997 tes,
312 1950 426 1986 etiam
455 1964 478 1987 a
505 1963 542 1986 se
570 1949 653 2000 ipso
681 1949 845 1987 Denter.
866 1949 1054 1988 XXXIII.
1085 1952 1199 1996 5.,Et
1228 1956 1314 2005 qui-

201 2002 288 2040 dem
310 2001 460 2054 Moyses
490 2002 610 2053 potuit
629 2002 706 2041 dici
726 2007 879 2053 primus
899 2002 988 2041 Rex
1009 2003 1193 2053 Israelis,
1222 2009 1313 2058 quia

199 2064 287 2093 ante
314 2068 403 2091 eum
432 2055 564 2094 nullus
590 2064 670 2094 erat
689 2057 799 2094 totius
827 2058 991 2096 nationis
1020 2059 1223 2111 princeps,
1254 2060 1312 2098 vel

199 2108 305 2155 dux,
334 2108 396 2145 sed
426 2108 640 2159 quamlibet
669 2109 860 2148 familiam
884 2112 989 2161 prior
1017 2121 1108 2149 natu
1139 2112 1312 2164 regebat3

198 2161 347 2212 primus
376 2168 503 2198 autem
524 2160 679 2213 Moyses
707 2161 1004 2201 Monarchicnm
1034 2165 1242 2216 imperium
1274 2168 1314 2204 in

198 2223 273 2252 tota
302 2212 370 2251 illa
389 2223 498 2265 gente
519 2216 713 2253 exercuit.
744 2214 816 2252 Vel
837 2217 951 2254 etiam
981 2230 1024 2256 ea
1053 2217 1172 2256 verba
1202 2219 1315 2256 intel-

198 2266 268 2318 ligi
297 2268 530 2319 possunt-de
559 2269 670 2306 initio
697 2267 956 2319 theocratz'oe,
999 2284 1087 2322 quae
1118 2286 1139 2321 a
1170 2272 1314 2311 foedere

196 2322 293 2358 inter
322 2319 449 2358 Deum
467 2351 478 2368 ,
521 2321 554 2357 8(
583 2321 685 2360 filios
720 2322 835 2361 Israel
873 2325 948 2361 icto
976 2323 1195 2363 Deuteron.
1226 2325 1312 2365 VII.

197 2373 233 2410 8<
253 2372 407 2411 XXXI.
435 2374 496 2413 18.
526 2374 726 2414 inchoatur
743 2403 753 2415 .
784 2376 883 2414 Hinc
903 2378 1058 2429 quando
1077 2378 1233 2417 Hebraei
1254 2393 1313 2416 re-

195 2441 281 2478 gem
323 2442 345 2464 a
373 2427 552 2466 Samuele
593 2431 805 2481 petierunt,
847 2431 943 2468 dixit
971 2432 1077 2470 Deus
1113 2432 1216 2469 idem
1245 2431 1314 2470 Sa-

196 2479 316 2518 mueli
351 2493 384 2518 1.
415 2480 514 2533 Reg.
545 2481 654 2520 VIII.
687 2496 724 2533 7.
766 2496 847 2521 non
876 2493 915 2521 te
942 2484 1201 2538 abjecerunt,
1245 2486 1316 2524 sed

195 2547 283 2583 me,
312 2547 363 2571 ne
392 2547 556 2588 regnem
586 2549 709 2587 super.
732 2549 820 2575 eos.
859 2536 1031 2589 Exponit
1061 2538 1312 2592 igiturMoy—

195 2602 276 2635 ses,
319 2597 530 2640 quotuam,
575 2588 609 2624 ἃ
642 2590 711 2641 qui
754 2591 794 2627 in
825 2591 998 2630 Idumaea
1036 2594 1306 2642 regnaverint,

195 2649 399 2691 antequam
421 2641 524 2680 Deus
553 2642 678 2680 foedus
697 2657 786 2681 cnm
816 2642 909 2683 filiis
928 2644 1044 2683 lsrael
1075 2654 1310 2695 percuteret.

253 2694 338 2734 156.
367 2695 428 2734 Ad
462 2695 627 2735 alterum
669 2696 714 2735 de
755 2706 838 2737 octo
874 2693 1028 2751 regibus
1058 2698 1179 2738 Edom
1200 2712 1309 2754 resp.

251 2825 296 2859 (a)
321 2822 447 2857 Putant
472 2826 660 2867 nonnulli,
683 2827 745 2862 has
772 2827 978 2863 traditiones
1001 2828 1122 2864 Esdrae
1148 2841 1223 2863 esse
1248 2832 1313 2865 tri-

200 2865 354 2918 buendas
369 2891 379 2909 ,
404 2871 495 2921 quod
520 2881 637 2906 tamen
662 2873 802 2909 difficile
820 2887 861 2908 ex
886 2887 928 2909 eo
951 2875 1119 2918 videtur,
1144 2876 1236 2922 quod
1261 2887 1313 2911 et-

201 2922 273 2944 lam
299 2925 519 2950 lnveniantur
543 2920 578 2952 in
606 2920 843 2955 Pentateucho
867 2923 1195 2963 Samaritanormn;
1221 2923 1311 2957 unde

202 2969 340 2990 necesse
366 2970 441 3000 est,
465 2963 526 2996 has
552 2978 624 2999 esse
641 2969 857 3012 antiquiores
884 2967 1073 3003 schismate
1098 2969 1218 3003 decem
1243 2971 1310 3003 tri-

199 3004 335 3058 buum-3
369 3017 477 3057 neque
498 3011 592 3059 enim
618 3013 686 3046 iltae
712 3013 831 3048 decem
859 3016 998 3056 tribus,
1036 3017 1218 3061 multoque
1243 3017 1310 3049 1111-

200 3061 265 3083 nus
293 3051 504 3085 Samaritani
541 3054 603 3088 has
629 3057 820 3095 additiones
855 3061 898 3095 ab
924 3061 1037 3095 Esdra
1070 3064 1308 3107 accepissent.

199 3097 467 3151 Carol..Fr·anc.
493 3099 692 3151 Iloubigant
718 3108 752 3139 in
779 3109 850 3141 suis
877 3107 1016 3153 Proleg.
1041 3111 1089 3142 ad
1114 3108 1246 3153 Script.
1267 3111 1307 3142 S.

198 3153 255 3175 eos
280 3144 436 3184 refellit,
461 3157 522 3189 qui
549 3147 794 3186 Satnariticum
820 3153 1096 3189 pentateuchum
1121 3169 1162 3190 ex
1189 3156 1308 3201 aliquo

199 3199 315 3241 graeco
331 3191 524 3235 exemplari
543 3190 757 3237 descriptum
774 3211 846 3231 esse
864 3209 989 3244 putant
1005 3216 1012 3233 :
1041 3202 1172 3235 etenim
1191 3214 1208 3236 a
1227 3214 1307 3235 ver-

198 3245 293 3268 smne
321 3236 436 3270 LXX.
462 3238 566 3270 virali
595 3239 630 3270 in
656 3244 830 3275 nonnullis
854 3245 967 3279 differt
984 3271 992 3279 .

244 3282 290 3319 (b)
315 3282 433 3333 Aliqui
452 3293 593 3317 censent
611 3293 720 3320 totam
742 3289 838 3321 illam
856 3293 1091 3336 genealogiam
1117 3306 1240 3338 regum
1253 3296 1301 3329 E-

197 3323 276 3359 dom
295 3327 400 3362 fuisse
419 3329 462 3364 ab
487 3330 605 3376 aliquo
621 3333 790 3379 scriptore
809 3346 907 3370 sacro
922 3340 1095 3383 posterius
1113 3340 1279 3387 adjectam
1291 3364 1300 3373 .

989 116 1394 161 DISSERTATIO
1427 116 1503 170 111.
1537 118 1666 163 CAP.
1698 110 1753 163 ΙΪ.

1395 196 1482 233 illos
1512 198 1626 233 fuisse
1647 198 1783 249 Moyse
1811 199 1978 247 priores,
2008 199 2059 237 ita
2080 206 2119 236 ut
2140 204 2376 250 postremus,
2404 209 2507 236 nem-

1395 261 1442 298 pe
1473 248 1602 295 Adad,
1634 249 1760 286 fuerit’
1779 249 1907 302 Moysi
1937 264 2117 297 cooevus3
2149 251 2247 289 unde
2279 251 2427 287 videtur
2456 260 2508 287 et-

1395 301 1474 338 iam
1497 300 1654 353 Moyses
1674 301 1860 354 majorem
1883 302 1988 341 illius
2008 306 2181 342 notitiam
2203 304 2400 350 habuisse,
2421 316 2510 340 cum

1394 353 1428 389 8<
1462 366 1618 392 uxorem
1648 354 1754 393 illius
1781 358 1975 406 nominet,
2021 356 2053 391 81
2084 358 2237 409 iusuper
2277 357 2401 394 uxoris
2431 370 2512 393 ma-

1395 415 1514 454 trem,
1544 407 1578 443 &
1609 408 1735 446 aviam
1753 438 1764 457 ,
1794 411 1896 461 quod
1925 411 1965 449 in
1992 408 2081 448 aliis
2111 422 2187 445 uon
2217 411 2383 448 fecerat.
2431 408 2512 446 Nec

1394 472 1484 498 vero
1512 461 1637 508 obest,
1666 462 1769 513 quod
1798 478 1820 501 a
1847 463 1964 502 Jacob
1994 475 2114 515 usque
2143 463 2190 500 ad
2215 461 2389 515 Moysem
2419 474 2512 500 uon-

1392 514 1467 551 nisi
1497 523 1660 566 quatuor
1689 513 1913 554 effluxerint
1942 518 2220 568 generationes5
2249 515 2350 552 unde
2378 516 2512 553 adver·

1393 568 1484 604 sarii
1515 566 1725 618 colligunt,
1754 581 1830 605 non
1859 572 2021 621 potuisse
2049 569 2098 607 ab
2128 568 2231 606 Esau
2258 567 2375 610 fratre
2394 568 2511 607 Jacob

1395 633 1515 671 usque
1536 621 1583 658 ad
1605 620 1783 673 Moysem
1803 631 1885 660 octo
1914 623 1987 661 sibi
2012 635 2115 674 reges
2145 621 2344 659 succedere
2361 645 2370 658 .
2401 622 2485 659 Non
2500 652 2511 670 ,

1396 673 1583 724 inquam,
1613 675 1654 711 id
1682 674 1814 721 obest3
1857 689 1948 713 nam
1984 689 2016 714 1.
2046 676 2301 727 generationes
2343 689 2364 710 a
2392 673 2513 713 Jacob

1392 739 1514 778 usque
1544 727 1591 765 ad
1620 726 1827 779 Moysem,
1869 729 2046 781 quamvis
2083 742 2243 766 numero
2284 727 2510 779 pauciores,

1390 789 1590 831 potuerunt
1620 782 1741 833 magis
1768 782 1868 820 inter
1905 796 1943 820 se
1971 782 2137 829 distare,
2179 791 2335 833 propter
2365 780 2509 832 longio-

1389 846 1470 870 rem
1499 843 1674 885 patrum,
1719 834 1751 871 8t
1782 849 1942 874 avorum
1972 843 2144 879 aetatem3
2180 848 2268 872 nam
2297 834 2392 873 Levi
2429 842 2506 872 ata-

1389 899 1459 925 vus
1488 887 1637 941 Moysis
1667 889 1762 928 vixit
1794 889 1885 941 157.
1914 901 2032 927 annos
2061 885 2145 925 Ex.
2168 887 2239 924 VI.
2274 887 2335 925 16.
2365 886 2506 925 Praete-

1389 953 1453 977 rea
1481 942 1510 978 si
1533 950 1723 993 ponantur
1741 942 1781 988 4.
1810 942 2068 994 generationes
2087 970 2098 989 ,
2126 953 2215 992 quas
2246 954 2268 977 a
2297 939 2417 978 Jacob
2447 955 2508 979 us-

1386 1007 1461 1045 que
1489 994 1535 1032 ad
1558 994 1738 1048 Moysem
1771 997 2048 1042 interfuerunt,
2078 994 2246 1046 spatium
2274 1005 2365 1031 200.
2395 993 2507 1030 circi-

1388 1055 1443 1084 ter
1472 1062 1661 1086 annorum
1683 1049 2004 1101 comprehendere
2022 1078 2035 1097 ,
2063 1045 2144 1097 jam
2174 1055 2323 1098 tempus
2345 1044 2507 1083 habetur

1390 1099 1605 1150 sufficiens,
1635 1116 1711 1154 quo
1739 1111 1823 1141 octo
1851 1116 1956 1155 reges
1983 1103 2024 1140 in
2061 1099 2185 1139 Edom
2215 1099 2405 1153 potuerint
2435 1098 2508 1137 sibi

1385 1154 1620 1199 succedere;
1662 1157 1860 1208 praecipue
1889 1169 1978 1195 cum
2008 1156 2070 1193 isti
2099 1167 2203 1205 rege-s
2239 1167 2316 1191 non
2347 1151 2510 1190 haeredi-

1389 1207 1485 1243 tario
1515 1204 1621 1256 jure,
1663 1209 1726 1245 sed
1754 1209 1937 1247 electione
1977 1209 2052 1246 sibi
2089 1208 2308 1246 successisse
2351 1207 2506 1244 videan-

1389 1266 1477 1303 tur;
1507 1272 1628 1310 neque
1657 1262 1762 1298 enim
1782 1274 1849 1300 rex
1875 1269 2251 1311 successor-vocatur
2279 1258 2384 1298 filius
2404 1272 2505 1311 prae-

1388 1312 1617 1361 decessoris,
1646 1313 1710 1350 sed
1740 1316 1864 1365 potius
1881 1326 2070 1365 expresse
2099 1322 2256 1351 vocatur
2279 1311 2384 1350 filius
2414 1311 2508 1350 alte-

1389 1365 1494 1412 rius,
1523 1366 1592 1417 qui
1621 1379 1697 1403 non
1728 1367 1801 1405 fuit
1829 1380 1923 1405 rex.
1965 1366 2065 1403 Cum
2094 1373 2222 1403 autem
2251 1366 2289 1401 in
2319 1377 2434 1416 regno
2463 1378 2502 1401 e-

1384 1416 1526 1456 lectivo
1555 1417 1786 1472 plerumque
1814 1421 1890 1459 viri
1927 1427 2165 1458 assumantur
2193 1425 2384 1469 provecta:
2414 1426 2504 1455 aeta-

1386 1473 1435 1508 tis
1453 1502 1462 1518 ,
1493 1473 1638 1510 nemini
1668 1473 1862 1512 videbitur
1885 1474 2002 1512 nimis
2031 1473 2243 1524 exiguum,
2273 1472 2303 1509 si
2332 1470 2505 1524 quinque

1393 1525 1591 1577 regiminis
1619 1524 1738 1565 lustra
1767 1526 1929 1579 singulis
1957 1528 2193 1578 assignentur
2210 1551 2221 1563 .

1445 1578 1534 1630 157.
1565 1578 1690 1618 Restat
1719 1579 1900 1619 ultimum
1942 1581 1988 1618 de
2015 1579 2208 1627 ducibus,
2250 1579 2317 1630 qui
2347 1589 2504 1615 enume-

1383 1642 1516 1670 rantur
1544 1642 1624 1684 post
1652 1647 1782 1685 reges.
1826 1634 1902 1672 Sed
1931 1633 1972 1673 hi
1999 1634 2111 1672 duces
2132 1663 2143 1681 ,
2179 1633 2248 1685 qui
2277 1631 2429 1683 regibus
2458 1632 2499 1669 in

1383 1686 1553 1738 Imperio
1581 1686 1763 1727 ldnmaeae
1794 1685 2082 1736 successerunt,
2111 1699 2187 1724 non
2213 1685 2309 1723 uuus
2340 1694 2420 1738 post
2447 1682 2504 1722 al-

1384 1748 1529 1788 terum,
1559 1741 1621 1778 sed
1650 1756 1782 1781 omnes
1810 1742 1954 1791 simul,
1997 1743 2207 1793 eodemque
2236 1748 2405 1791 tempore
2435 1752 2500 1777 va-

1382 1794 1450 1831 riis
1478 1794 1661 1832 Idumaeae
1701 1797 1910 1848 provinciis
1947 1795 2207 1847 praefuerunt}
2249 1792 2497 1845 quemadmo-

1382 1847 1475 1885 dum
1504 1847 1538 1883 8(
1569 1846 1660 1896 illi,
1689 1850 1759 1901 qui
1788 1851 1827 1888 in
1856 1849 1987 1886 eodem
2008 1862 2043 1886 c.
2069 1846 2174 1884 Gen.
2192 1849 2338 1883 xxxvi.
2370 1857 2434 1896 29.
2465 1843 2498 1879 8(

1382 1913 1460 1953 seq.
1489 1901 1670 1939 dicuntur
1703 1903 1818 1941 duces
1850 1898 2228 1941 Horroeorum.·'Ab
2258 1898 2315 1935 his
2338 1897 2502 1934 ducibus

1382 1954 1500 1990 fuisse
1529 1954 1743 1993 Idumaeam
1772 1956 1889 1994 simul
1919 1956 2246 2001 administratam,
2285 1950 2438 2003 quando
2467 1950 2503 1988 I·

1381 2005 1543 2043 sraelitae
1573 2020 1679 2044 mare
1708 2008 1872 2046 rubrum
1900 2009 2151 2054 transierunt,
2181 2003 2404 2042 'luculenter
2432 2016 2502 2042 nos

1381 2060 1487 2097 docet
1517 2058 1671 2112 Moyses
1701 2062 1739 2097 in
1766 2061 1923 2099 Cautico
1952 2061 2154 2113 inquiens:
2205 2056 2314 2095 Tunc
2343 2059 2502 2094 contur-

1380 2111 1464 2150 lmti
1490 2122 1582 2150 sunt
1610 2117 1806 2165 principes
1833 2113 1969 2152 Edoni
1986 2141 1998 2153 .
2026 2113 2149 2151 Exodi
2179 2111 2270 2150 XV.
2305 2111 2365 2148 15.

1443 2165 1532 2204 158.
1562 2167 1654 2205 Inst.
1684 2169 1821 2206 tertio.
1849 2167 1978 2206 Etiam
2008 2168 2049 2205 in
2076 2165 2252 2213 Exodo,
2290 2163 2324 2200 &
2353 2163 2502 2202 Deute-

1383 2222 1564 2257 ronomio
1592 2219 1705 2272 plura
1732 2228 1848 2267 sunt,
1890 2234 1979 2273 quae
2010 2236 2033 2259 a
2061 2219 2198 2272 Moyse
2225 2219 2360 2256 litteris
2390 2231 2499 2256 man-

1381 2273 1465 2311 dari
1486 2286 1558 2311 non
1575 2275 1797 2324 potuerunt.
1825 2274 1939 2322 Quod
1955 2275 2058 2312 enim
2075 2272 2213 2310 Exodi
2227 2270 2335 2310 XVI.
2355 2271 2420 2309 55.
2440 2271 2497 2308 di-

1386 2328 1511 2364 citur:
1540 2324 1629 2364 Filii
1649 2326 1779 2365 Israel
1797 2327 2057 2366 comederunt
2077 2339 2232 2364 manna
2254 2325 2320 2371 40.
2349 2328 2469 2361 annis
2485 2355 2497 2372 ,

1378 2378 1507 2418 donec
1537 2385 1711 2418 venirent
1742 2384 1782 2418 in
1811 2391 1966 2419 terram
1995 2379 2282 2419 habitabilem:
2312 2377 2382 2416 hoc
2411 2377 2496 2415 cibo

1381 2433 1469 2471 aliti
1496 2442 1588 2471 sunt
1608 2463 1618 2482 ,
1648 2446 1846 2486 usquequo
1874 2444 2088 2486 tangerent
2103 2434 2219 2488 fines
2252 2432 2495 2475 Chunorum,-

1384 2485 1458 2525 hoc
1485 2494 1585 2525 certe
1615 2503 1636 2525 a
1666 2487 1804 2540 Moyse
1832 2503 1903 2527 nec
1933 2489 2073 2536 scribi,
2102 2501 2172 2526 nec
2203 2485 2325 2524 videri
2355 2485 2501 2537 potuit.

1384 2553 1422 2578 2.
1453 2539 1564 2587 Quod
1587 2542 1731 2593 pariter
1758 2542 1902 2580 dicitur
1922 2541 2043 2580 Deut.
2064 2542 2114 2580 ΙΙ.
2140 2542 2262 2580 12.'in
2283 2539 2372 2576 Seii·
2389 2542 2497 2588 prius

1379 2592 1654 2631 habitaverunt
1675 2593 1863 2643 Horroei,
1897 2595 2031 2647 quibus
2062 2596 2257 2646 expulsis,
2288 2601 2408 2641 atque
2428 2591 2496 2628 de-

1379 2647 1494 2696 letis,
1523 2646 1798 2686 habitaverunt
1814 2649 1900 2702 filii
1929 2643 2045 2687 Esau
2062 2678 2073 2696 ,
2116 2651 2216 2684 sicut
2231 2645 2338 2696 jecit
2367 2644 2495 2682 Israel

1378 2703 1420 2738 in
1449 2710 1559 2741 terra
1586 2701 1845 2754 possessionis
1864 2714 1976 2751 suae,
2007 2714 2129 2754 quam
2150 2699 2255 2739 (ledit
2282 2699 2338 2736 illi
2357 2697 2494 2747 Deus,

2346 2765 2437 2805 sup-

1382 2832 1625 2878 Conjefiluram
1644 2832 1791 2867 afferunt
1815 2845 1858 2866 ex
1884 2845 1947 2874 eo,
1971 2831 2065 2878 ,quod
2082 2830 2202 2866 eadem
2228 2826 2427 2880 genealogia
2445 2827 2495 2858 le-

1381 2889 1485 2925 gatur
1511 2881 1546 2913 in
1575 2880 1651 2914 Lib.
1672 2881 1697 2912 l.
1724 2879 1876 2924 Paralip.
1898 2882 1923 2913 1.
1949 2881 2008 2922 43.
2035 2883 2067 2912 ὃς
2092 2891 2190 2923 sequ.
2216 2886 2291 2910 tum
2315 2883 2428 2927 ettam·
2449 2885 2491 2906 ex

1380 2939 1439 2968 80,
1464 2925 1557 2972 quod
1583 2927 1618 2959 in
1636 2926 1773 2959 Sixtina
1797 2925 1947 2960 editione
1974 2936 2078 2972 caput
2098 2925 2270 2960 XXXVI.
2296 2921 2492 2973 absolvitur

1381 2974 1438 3006 30.
1466 2981 1637 3006 commate
1652 2995 1663 3013 ‚
1688 2984 1750 3006 nec
1770 2973 1817 3007 ibi
1838 2974 1897 3006 illa
1916 2974 2115 3018 genealogia
2135 2972 2263 3015 legitur
2278 2993 2286 3001 .
2312 2968 2382 3002 Alu
2411 2975 2490 2999 cum

1380 3019 1509 3053 Huetio
1549 3020 1583 3052 in
1610 3018 1808 3052 Demonstr.
1835 3019 2003 3065 Evangel.
2030 3020 2131 3064 Prop.
2160 3019 2220 3051 lV.
2258 3028 2333 3061 cap·
2375 3012 2426 3052 14·
2456 3013 2488 3052 9*

1384 3067 1437 3098 13.
1464 3065 1540 3099 haec
1564 3065 1607 3098 ad
1632 3065 1796 3109 spiritum
1821 3067 2066 3111 propheticum
2091 3068 2272 3103 referunt,
2298 3072 2368 3105 quo
2385 3059 2490 3101 Moy-

1377 3124 1450 3145 sem
1469 3112 1574 3145 fuisse
1594 3112 1797 3145 instruetum
1816 3112 1973 3146 dubitari
1998 3125 2066 3146 non
2091 3121 2203 3158 potest
2219 3133 2227 3141 .
2254 3110 2359 3141 Porro
2379 3105 2492 3136 lsrae-

1375 3158 1458 3191 litas
1482 3169 1598 3202 regem
1624 3156 1665 3190 ad
1694 3159 1805 3191 instar
1823 3160 1972 3193 aliarum
1998 3161 2177 3193 nationum
2198 3155 2368 3200 petituros
2386 3151 2490 3195 Moy-

1374 3216 1427 3237 ses
1454 3205 1546 3237 clare
1571 3202 1733 3249 pra-(lixit
1753 3205 1896 3240 Denter.
1918 3208 2033 3240 XVll.
2058 3205 2110 3247 14.
2136 3209 2167 3236 &
2193 3202 2273 3241 15.3
2299 3209 2407 3244 qimi-e
2433 3205 2486 3229 et-

1373 3251 1443 3283 iam
1468 3251 1559 3294 leges
1583 3250 1648 3283 hac
1673 3250 1714 3284 de
1743 3264 1779 3284 re
1806 3253 1910 3293 tulit,
1948 3266 2016 3286 non
2042 3253 2228 3295 eligeretur
2261 3246 2480 3289 alienigena,

1368 3308 1437 3330 non
1465 3296 1715 3340 multiplicaret
1741 3298 1808 3335 sibi
1833 3311 1963 3346 equos,
1988 3295 2299 3335 Deuteronom-ium
2328 3292 2398 3327 sibi
2421 3288 2483 3324 ate-

1367 3343 1536 3378 scriberet
1561 3345 1624 3378 ἃς.
