2564 3706
858 81 940 127 DE
972 79 1285 127 REvssLA'P.
1311 79 1451 124 VE‘P.
1487 78 1662 122 TEST.
2287 98 2340 139 9¹

118 170 184 207 ιἰιι
196 165 456 213 mirandum„
483 175 535 203 ac
553 161 735 203 divinum
749 165 1047 212 existimatum,
1077 172 1116 201 ut
1136 177 1224 203 eum

118 230 329 274 tamquam,
360 219 557 257 concivem
594 231 706 256 suum
749 217 822 255 sibi
852 217 1047 256 vindicare
1092 216 1227 255 volue-

118 277 225 316 rint.
266 271 394 310 Multo
423 269 535 323 plura
564 271 605 309 in
649 270 746 310 hanc
774 284 856 308 rein
898 270 1006 309 affert
1035 270 1227 310 Eusebius

119 329 207 371 Lib.
237 324 307 367 IX.
343 324 402 363 De
429 333 651 376 praeparat.
680 322 928 375 Evangelt'ca.
959 325 1022 375 (a)
1040 350 1051 363 .

172 379 239 425 44.
270 378 486 417 Ridendum
527 391 618 416 vero
655 391 692 415 se
720 391 869 429 prorsus
912 378 1038 416 exibet
1080 376 1228 417 Voltai-

116 433 223 480 rins,
269 432 362 470 dum
404 444 521 470 ausus
564 440 614 469 est
644 432 684 469 in
713 432 877 469 d=ibium
921 444 1131 480 revocare,
1178 446 1228 470 an

115 484 272 538 Moyses
300 498 471 538 unquam
499 485 684 523 extiterit.
715 484 809 522 Tota
830 497 920 522 vero
947 484 1146 523 dubitandi
1169 498 1229 523 ra-

114 540 167 578 tio
195 536 255 577 illi
284 548 363 588 est,
393 539 486 590 qnia
515 539 658 578 incerta
688 547 738 576 est
758 539 915 576 eruditis
944 537 1028 590 ejus
1047 546 1163 584 aetas;
1194 538 1233 575 δι

114 593 210 645 quia
252 604 389 631 nomen
418 590 657 640 Pharaonis,
707 605 836 630 coram
873 604 951 644 quo
981 591 1135 643 Moyses
1176 602 1228 630 tot

114 644 315 684 miraculis
336 643 559 685 inclaruisse
578 645 743 693 dicitur,
773 646 940 697 antiquis
961 645 1131 696 ignotum
1153 655 1226 691 est3

116 698 239 738 multo
280 707 407 736 autem
451 699 571 750 magis
601 701 726 751 ignota
770 699 876 737 fuere
916 699 1114 736 decantata
1156 698 1226 737 illa

117 751 266 804 Moysis
293 751 492 803 prodigia,
521 765 686 804 quorum
706 751 813 791 nulla
841 760 939 790 extat
969 764 1093 803 neque
1121 751 1227 800 apud

116 805 339 857 Egyptios,
384 819 506 859 neque
535 806 639 857 apud
667 806 825 844 Graecos
853 805 1039 841 memoria
1056 828 1067 840 .
1115 803 1227 841 Certe

116 857 356 906 Herodotus,
399 861 467 910 qni
497 873 519 897 a
547 859 813 896 Sacerdotibus
841 856 1025 907 AEgyptiis
1064 856 1228 894 mirabi-

119 909 180 953 lia>
215 911 506 964 quamplurima
547 911 697 949 edoctus
738 911 834 957 snit,
882 907 982 947 nihil
1012 907 1059 945 de
1088 907 1225 961 Moyse

118 965 310 1005 audivisse
352 965 530 1012 videtur,
571 976 663 1002 cum
691 963 738 1001 de
765 975 809 1000 eo
850 960 950 1002 nihil
980 962 1138 1001 omnino
1166 963 1225 1000 di-

117 1027 179 1057 cat
209 1017 266 1069 (b)
286 1045 297 1056 .
903 1067 907 1070 Δ

170 1071 238 1117 45.
269 1071 438 1110 Profecto
466 1078 615 1120 tempus
644 1069 786 1107 frustra
816 1076 1048 1116 contereret,
1078 1069 1145 1120 qui
1168 1070 1224 1107 vi-

113 1137 201 1163 rum
231 1133 304 1162 toto
331 1123 423 1160 orbe
453 1121 750 1161 celeberrimum
771 1152 782 1171 ,
827 1121 863 1159 8:
890 1135 1007 1174 quem
1036 1121 1223 1160 Hebraeo-

112 1190 199 1214 tum
228 1176 332 1216 natio
361 1184 400 1213 ut
427 1188 542 1214 suum
569 1174 823 1228 legislatorem
852 1191 875 1215 a
903 1184 955 1213 tot
983 1175 1120 1214 seculis
1144 1190 1224 1214 me-

110 1230 184 1267 rito
211 1237 436 1277 veneratur,
468 1231 592 1283 reipsa
622 1231 811 1278 extitisse,
841 1228 972 1268 multis
992 1232 1225 1280 argumentis

109 1282 186 1321 sibi
215 1283 551 1322 demonstrandum
593 1292 797 1322 assumeret
815 1309 825 1322 .
873 1282 1066 1321 consultis
1095 1291 1223 1321 autem

109 1335 364 1376 Hebraeorum
392 1337 651 1375 monumentis
672 1366 682 1385 ,
730 1338 788 1376 sin
819 1337 947 1375 minus
975 1337 1132 1375 omnino
1161 1350 1224 1375 ac·

113 1397 269 1437 curate,
311 1387 445 1441 aliqua.
471 1389 603 1428 saltem
634 1392 776 1429 ratione
807 1389 954 1441 Moysis
983 1399 1075 1428 aetas
1102 1390 1223 1428 deter-

108 1443 253 1482 minari
282 1451 399 1494 potest
419 1468 430 1480 .
460 1442 622 1481 Flavius
649 1443 832 1494 Josephus
861 1444 981 1483 Libro
1008 1443 1039 1481 I.
1073 1442 1224 1481 Contra

112 1495 309 1546 Apionem
325 1509 435 1534 num.
457 1495 496 1534 8.
525 1496 575 1534 ab
606 1497 714 1535 initio
733 1496 869 1534 muudi
892 1510 1009 1548 usque
1039 1496 1086 1536 ad
1106 1495 1223 1550 Moy-

112 1562 192 1587 sem
235 1550 310 1588 tria
339 1549 418 1586 fere
460 1557 633 1588 numerat
663 1563 849 1587 annornm
892 1549 1041 1588 millia.
1090 1550 1170 1588 Alii
1200 1565 1221 1588 a

109 1601 273 1654 Josepho
301 1602 551 1647 dissentiunt,
581 1601 614 1639 ἃ
642 1601 816 1640 Petavius
836 1602 885 1653 <le
904 1600 1100 1640 Doflrtna
1120 1611 1222 1640 tem—

109 1668 252 1707 porum
280 1654 395 1693 Tom.
423 1655 473 1693 ΙΙ.
502 1653 650 1706 Moysis
678 1656 916 1694 nativitatem
954 1668 1056 1694 anuo
1083 1655 1220 1696 mundi

110 1709 232 1760 2575.
274 1708 503 1760 consignat.
551 1706 625 1745 Sed
654 1721 700 1746 ex
729 1721 806 1761 quo
845 1710 1003 1749 omnino
1041 1718 1218 1747 accurate

109 1761 258 1814 Moysis
286 1774 404 1813 epoca
432 1762 675 1799 determinari
696 1771 879 1813 nequeat,
909 1763 1071 1801 minime
1091 1764 1218 1815 sequi·

105 1823 196 1863 tur,
240 1813 419 1865 Moysem
448 1828 651 1867 nunquam
679 1817 869 1854 extitisse.
913 1817 1016 1864 Quot
1050 1817 1153 1854 enim
1185 1814 1219 1853 St

107 1876 253 1919 quanta
281 1866 397 1918 hujus
424 1869 575 1919 generis
595 1868 634 1906 in
656 1866 812 1907 historia
834 1872 1097 1922 reperiuntur,
1127 1882 1217 1920 quae

105 1934 178 1974 pro
205 1920 426 1958 certissimis
469 1919 680 1967 habentur,
728 1936 947 1975 quanquam
978 1931 1078 1960 notae
1106 1921 1218 1959 chro-

104 1972 291 2024 nologicae
320 1974 474 2010 incertas
493 1971 596 2010 sint?
624 1972 777 2011 Mirum
805 1984 933 2012 autem
953 1989 1031 2014 esse
1059 1988 1134 2013 non
1153 1975 1218 2011 de-

104 2025 197 2074 het,
225 2037 274 2062 ex
300 2027 556 2064 monumentis
585 2027 742 2065 exoticis
770 2026 870 2065 nihil
901 2041 970 2079 pro
998 2027 1070 2066 hac
1099 2040 1218 2080 epoca

103 2079 392 2119 determinanda
420 2079 502 2117 erui
532 2091 655 2131 posse:
684 2081 848 2118 eruditos
868 2082 972 2120 enim
1003 2095 1074 2120 non
1103 2080 1216 2129 latet,

107 2141 252 2187 quanta
279 2133 325 2171 sit
359 2133 463 2186 apud
493 2133 670 2184 profanos
712 2135 914 2185 scriptores
942 2136 982 2174 in
1012 2134 1128 2172 rebus
1157 2132 1217 2172 hi-

103 2187 275 2235 storicis,
314 2185 354 2223 &
379 2187 576 2238 praecipue
605 2187 644 2224 in
673 2185 926 2238 Chronologia
955 2195 1040 2225 ante
1067 2186 1219 2225 bellum

105 2239 325 2291 Trojanum
353 2240 564 2278 obscuritas
581 2268 592 2288 ‚
624 2237 657 2273 8(
686 2239 860 2277 confusio
879 2266 888 2276 .

159 2292 226 2341 46.
255 2292 489 2331 Pharaonem
520 2305 610 2329 vero
638 2304 810 2344 expresse
852 2294 1023 2331 nominat
1054 2291 1220 2330 Alexan-

108 2347 175 2388 der
201 2345 440 2403 Polyhistor3
469 2346 688 2401 Artapanus
716 2355 842 2385 autem
873 2347 976 2401 apud
1005 2345 1218 2386 Eusebium

153 2513 201 2549 (a)
225 2505 347 2542 Vides-i
381 2506 488 2540 etiam
525 2514 637 2552 potest
671 2507 744 2540 Pet.
769 2508 859 2541 Dan.
887 2508 1036 2542 Huetius
1076 2509 1111 2541 in
1144 2507 1221 2540 De-

107 2562 228 2588 monst.
255 2552 498 2597 Evangelica;
533 2551 593 2589 sed
619 2552 811 2586 cavendnm
838 2563 889 2586 est
923 2554 966 2587 ab
991 2554 1067 2597 ejus
1093 2553 1220 2587 enthu-

108 2601 264 2641 siasmo‚
288 2611 359 2645 quo
384 2601 547 2644 Moysem
573 2599 608 2632 in
628 2598 784 2638 Baccho,
812 2599 986 2640 Hercule,
1012 2601 1219 2642 Mercurio,

104 2647 214 2688 Jove,
239 2647 387 2690 aliisque
405 2645 568 2680 heroibus
584 2666 596 2687 ‚
612 2646 669 2678 vel
695 2646 819 2678 fictitiis
839 2646 1035 2680 Gentilium
1055 2646 1221 2680 Numini-

106 2693 174 2728 bus
199 2692 434 2737 significatum
460 2693 595 2732 fuisse,
621 2692 833 2725 somniavit.

153 2741 200 2778 (b)
230 2739 422 2773 Voltairius
447 2739 483 2772 in
507 2738 645 2772 Philos.
667 2738 783 2780 Epist.
810 2743 851 2773 (T
879 2742 914 2772 in
933 2738 1106 2772 Di'c‘h'onn.
1135 2737 1220 2772 Phi-

107 2785 201 2830 leph.
228 2785 406 2819 insinuare
432 2794 602 2826 conatur,
626 2797 668 2819 ex
698 2784 814 2818 falmia
836 2784 960 2818 Bacchi
989 2794 1097 2818 totam
1116 2786 1218 2830 Moy-

107 2833 154 2866 sis
178 2831 364 2866 historiam
389 2830 584 2866 derivatam
620 2832 750 2866 fuisse.
793 2832 882 2866 Eam
907 2840 1025 2865 autem
1062 2831 1218 2866 fabulam

108 2878 159 2913 sic
195 2878 303 2912 refert
331 2879 479 2912 Huetius
506 2880 606 2924 Prop.
632 2879 692 2913 lV.
719 2877 919 2912 Demonstr.
946 2878 1113 2922 Evangel·
1129 2900 1140 2919 ,
1165 2888 1218 2912 at-

106 2936 174 2969 que
199 2935 242 2957 ex
268 2924 331 2957 illo
352 2935 430 2958 eam
454 2934 636 2960 mutuatus
662 2934 713 2959 est
735 2925 930 2958 Voltairins
946 2947 954 2957 .
981 2926 1111 2958 Dicunt
1135 2925 1220 2958 Bac-

104 2970 212 3005 chum
237 2970 273 3004 in
292 2970 451 3015 AEgypto
473 2981 595 3006 natum
611 2993 622 3011 ,
649 2974 681 3006 δε
705 2983 794 3005 arcae
822 2972 995 3005 inclusum
1013 2994 1023 3011 ‚
1050 2971 1155 3004 fuisse
1183 2973 1217 3004 in

104 3017 236 3052 flumen
263 3016 474 3061 projecitiim3
501 3017 580 3051 inde
605 3029 688 3051 vero
713 3019 946 3059 abstractum,
975 3022 1006 3051 8<
1032 3018 1064 3049 in
1086 3017 1218 3052 Arabia

103 3061 292 3097 educatum
309 3085 319 3103 ,
346 3064 454 3106 ipsius
480 3064 614 3108 virgam
643 3065 677 3097 in
703 3073 901 3108 serpentem
926 3073 1097 3099 mutatam
1115 3085 1124 3103 ,
1161 3065 1217 3097 fn-

107 3111 262 3153 gientem
285 3110 330 3143 ab
356 3110 516 3155 AEgypto
539 3122 635 3144 mare
660 3111 807 3145 rubrum
843 3112 943 3144 siccis
971 3109 1115 3153 pedib-is
1145 3119 1215 3144 tra-

105 3155 230 3200 jecisse
245 3178 257 3196 ,
274 3155 454 3201 trajecisse
475 3157 638 3190 similiter
656 3158 779 3190 fluvios
799 3157 1000 3202 Hydaspem
1016 3178 1025 3196 ,
1052 3159 1083 3188 8<
1101 3158 1213 3189 Ortm-

106 3210 177 3235 tem
206 3201 332 3247 thyrso
355 3204 517 3236 areisans
533 3224 543 3243 ,
583 3203 672 3246 leges
698 3204 818 3238 tulisse
843 3203 975 3248 duplici
1015 3203 1133 3236 tabula
1159 3204 1214 3235 in-

103 3249 281 3291 scriptas,
319 3261 358 3283 ac
384 3248 532 3293 deniqne
559 3249 683 3282 Misim
707 3250 811 3282 fuisse
842 3251 1085 3295 appellatum,
1121 3248 1213 3293 quod

103 3305 232 3330 nornen
258 3307 329 3330 non
355 3293 542 3331 admodum
567 3294 674 3331 distat
700 3295 888 3344 aMoyse.
915 3295 982 3333 Sed
1008 3296 1122 3342 primo
1144 3306 1214 3331 non

1294 159 1384 200 Lib.
1415 157 1485 198 IX.
1515 157 1745 207 Proeparat.
1776 155 1975 213 Eniiingel.
2005 172 2092 213 cap.
2126 158 2189 199 18.
2217 173 2308 199 cum
2336 161 2409 201 ali-

1293 227 1371 266 qua
1400 212 1474 251 levi
1505 210 1721 250 litterarum
1752 213 1957 250 variatione
1987 211 2248 253 Pharaonem
2277 215 2410 267 appel·

1293 266 1346 305 lat
1362 294 1371 304 .
1402 265 1578 304 Ulterius
1601 274 1743 303 notum
1762 273 1814 303 est
1836 293 1847 312 ‚
1889 262 2104 305 Pharaon's-
2126 281 2263 307 nometi
2292 269 2410 308 fuisse

1295 332 1502 361 commuue
1526 313 1705 370 pluribus
1734 315 1888 370 AEgypti
1920 280 2123 370 Regibnl,
2158 321 2408 379 quemadmo-

1297 374 1388 412 dum
1431 382 1511 425 post
1541 370 1790 412 Ptolomaeum
1820 370 1974 422 Lagutn
2000 372 2115 411 multi.
2149 375 2320 427 e3usdylm
2351 373 2410 412 Ξ.-

1296 428 1404 479 gypti
1438 426 1553 479 Reges
1582 425 1673 464 dicti
1703 432 1788 463 sunt
1817 422 2055 472 Ptolomaelss,
2097 424 2134 463 ἃ·
2159 427 2410 478 quemadmo-

1297 482 1389 518 dum
1421 481 1539 518 etiam
1566 480 1824 532 Imperatores·
1845 475 2010 517 Romani
2040 486 2121 528 post
2148 478 2298 517 Julium
2326 481 2409 518 Cae-

1297 547 1420 573 sarem
1437 564 1448 582 ,
1476 532 1510 570 Sc
1533 533 1744 584 Augustum
1764 530 2004 570 vocabantur
2027 529 2239 579 Caesares,
2270 541 2307 569 et
2328 534 2407 571 Au-

1293 591 1421 638 gusti.
1451 586 1556 625 Fieri
1587 588 1712 639 itaque
1741 592 1886 638 potest,
1916 593 1956 622 ut
1983 584 2052 638 qui
2073 582 2222 624 Pharao
2248 598 2272 623 a
2292 584 2408 639 Moy-

1295 654 1332 677 se
1361 641 1580 678 nominatur
1597 669 1607 687 ,
1649 655 1673 679 a
1700 637 1957 690 scriptoribus
1980 637 2150 690 profanis
2179 638 2259 676 alio
2286 641 2410 676 nonii-

1293 706 1341 729 ne
1370 695 1414 730 sit
1434 693 1648 743 designatus
1665 719 1676 732 .
1704 691 2125 731 Cetormn‚mirandmn
2145 691 2310 731 minime
2329 700 2382 731 est
2397 722 2410 741 ,

1294 748 1397 796 apud
1419 747 1674 794 Herodotum,
1705 744 1766 785 vel
1797 744 2081 785 aliostentiles
2096 744 2303 784 Histoi-icus
2323 743 2415 784 nul·

1295 796 1374 835 lam
1392 799 1553 837 inveniri
1575 800 1838 853 prodigiorum
1861 797 2008 852 Moysis
2025 799 2279 838 mentionem.
2308 799 2411 838 Cum

1294 853 1398 888 enim
1428 861 1549 889 essent
1579 868 1600 891 a
1629 852 1811 905 religione
1840 851 2017 891 Mosaica
2044 851 2184 901 alieni,
2221 851 2411 891 debebant

1294 904 1409 943 etiam
1439 905 1627 943 miracula
1658 906 1705 944 ad
1735 919 1818 944 eam
1862 905 2168 945 confirmandam
2197 906 2326 954 edita,
2368 914 2410 945 ut

1292 958 1552 1008 supposititia,
1582 958 1768 1009 rejiceret,
1797 967 1863 998 ant
1883 968 2082 1012 tamquam
2110 959 2278 1010 magicas
2307 972 2408 1013 prae-

1293 1011 1422 1062 stigias
1451 1020 1691 1050 contemnere
1708 1036 1719 1050 .
1747 1011 1833 1050 Non
1854 1024 1983 1050 omnes
2002 1021 2128 1051 tamen
2146 1043 2157 1061 ‚
2187 1024 2255 1051 nec
2282 1012 2410 1059 omni-

1293 1076 1344 1101 no
1371 1062 1545 1112 siluisse,
1575 1077 1691 1115 supra
1719 1063 1964 1102 observatum
1993 1074 2045 1103 est
2074 1079 2184 1104 nuni.
2216 1066 2282 1104 51.

1347 1117 1414 1167 47.
1447 1117 1579 1169 Neque
1606 1117 1763 1154 deinum
1793 1118 2057 1168 praetereunda
2086 1127 2137 1155 est
2165 1117 2241 1156 alia
2261 1116 2410 1157 Voltai·

1293 1172 1341 1209 rii
1373 1172 1549 1219 inscitia,
1600 1171 1694 1208 dum
1725 1179 1865 1207 temere
1893 1169 2054 1217 scribit,
2084 1168 2231 1208 nullam
2261 1183 2338 1207 esse
2367 1185 2408 1209 a-

1293 1225 1371 1277 pud
1401 1234 1541 1263 veteres
1570 1223 1676 1264 illius
1714 1223 1875 1275 regionis
1904 1222 2107 1271 notitiam,
2148 1236 2227 1277 qua
2254 1221 2409 1274 Moyses

1293 1291 1383 1316 cum
1412 1277 1556 1331 populo
1587 1290 1805 1329 peragrasse
1824 1277 1989 1315 dicitur.
2019 1276 2213 1327 ignoravit
2233 1274 2301 1313 ille
2321 1275 2410 1316 Ma·

1293 1330 1496 1369 nethonem
1515 1361 1525 1380 ‚
1552 1328 1835 1384 Lysimachum
1852 1359 1862 1378 ‚
1893 1329 2209 1379 chaeremonem,
2237 1328 2410 1384 aliasque

1292 1385 1393 1435 apud
1423 1384 1632 1438 Josephuin
1664 1385 1702 1422 in
1726 1383 1813 1422 Lib.
1844 1383 1874 1421 Ι.
1899 1382 2050 1422 Contra
2073 1383 2278 1434 Apionemv
2298 1396 2409 1436 aper-

1291 1447 1326 1476 te
1354 1451 1568 1477 memorare
1597 1437 1780 1476 Hebraeos
1799 1437 1958 1489 AEgypto
1989 1436 2121 1474 relicta
2151 1438 2189 1476 iu
2216 1437 2416 1476 desertum.

1291 1492 1386 1528 duce
1417 1489 1555 1544 Moyse
1583 1491 1747 1530 abivisse
1765 1517 1775 1527 .
1813 1489 1896 1526 lino
1925 1498 2169 1527 monumenta
2197 1490 2376 1541 quaedam
2393 1520 2406 1540 ,

1291 1543 1351 1583 vel
1381 1543 1516 1583 saltem
1545 1546 1746 1598 antiquam
1784 1542 1977 1581 mirabilis
2007 1541 2122 1593 hujus
2153 1543 2300 1582 itineris
2327 1551 2406 1582 tra-

1289 1598 1470 1636 ditionem
1501 1600 1539 1636 in
1570 1599 1616 1637 iis
1658 1596 1878 1649 regionibus
1905 1609 2125 1649 superesse,
2169 1596 2415 1637 itineratores⁴

1289 1650 1412 1703 aliqui
1442 1654 1562 1691 testati
1591 1659 1697 1690 sunt.
1729 1649 1770 1689 P.
1799 1658 1929 1687 autem
1957 1648 2142 1687 Claudius
2172 1648 2405 1699 Sichardus,

1289 1706 1356 1755 qui
1386 1705 1502 1743 sacris
1530 1704 1776 1744 missionibus
1804 1704 1844 1740 in
1874 1703 2032 1754 AEgypto
2059 1702 2126 1740 diu
2154 1713 2310 1755 operam
2339 1703 2404 1741 de-

1286 1758 1372 1806 dit,
1402 1757 1518 1810 hujus
1546 1759 1693 1796 itineris
1721 1764 1941 1795 accuratam
1972 1755 2079 1792 nobis
2107 1755 2404 1806 descriptionem

1287 1811 1470 1864 reliquit,
1512 1826 1590 1864 qua
1619 1812 1693 1858 iis,
1736 1822 1824 1864 quae
1862 1810 1902 1850 iu
1937 1806 2087 1847 Exodo
2112 1812 2402 1858 memorantur,

1287 1863 1353 1903 lux
1385 1866 1555 1903 maxima
1585 1863 1768 1914 affulget.

1341 1917 1408 1963 48.
1438 1919 1575 1970 Iueptit
1604 1919 1743 1955 iteruin
1773 1914 2012 1963 Voltairius,
2040 1914 2134 1952 dum
2165 1912 2341 1966 Moysem
2363 1923 2404 1954 ut

1285 1971 1620 2022 imperitissimum
1663 1970 1803 2009 ducem
1833 1970 1985 2021 carpit,
2029 1968 2131 2022 quod
2167 1968 2404 2020 ignoratione

1286 2026 1440 2063 viarum
1480 2025 1636 2064 miseros
1666 2022 1855 2062 Israelitas
1885 2023 1949 2069 40.
1980 2035 2170 2062 annorum
2212 2023 2334 2074 spatio
2362 2024 2405 2062 iu

1285 2077 1431 2116 deserto
1472 2091 1600 2116 errare
1629 2079 1762 2117 fecerit
1780 2102 1793 2114 .
1843 2076 1997 2128 Longus
2025 2076 2130 2114 enim
2158 2074 2222 2112 hic
2251 2075 2401 2114 Israeli-

1286 2138 1412 2170 tarum
1443 2144 1510 2182 per
1551 2132 1741 2169 desertum
1770 2142 1874 2168 error
1911 2143 1984 2168 non
2012 2128 2121 2167 ducis
2163 2128 2400 2179 imperitiae,

1286 2184 1351 2221 sed
1379 2184 1575 2222 altissimis
1602 2184 1747 2223 divinae
1778 2183 2027 2234 providentiae
2056 2180 2201 2219 finibus
2230 2180 2403 2220 tribuen-

1286 2236 1356 2274 dus
1385 2245 1464 2282 est,
1495 2246 1535 2273 ut
1563 2238 1668 2276 enim
1698 2236 1826 2274 Sanct.
1847 2235 1983 2274 Joann.
2011 2233 2328 2286 chrysostomus,
2358 2248 2400 2274 a-

1286 2287 1407 2341 liique
1437 2288 1582 2328 nobiles
1611 2290 1835 2340 interpretes
1862 2297 1947 2341 post
1976 2288 2101 2339 ipsum
2123 2286 2400 2337 observarunt,

1287 2342 1409 2383 voluit
1438 2343 1542 2382 Deus
1571 2343 1807 2383 Hebraicam
1833 2350 1987 2397 gentem
2014 2339 2064 2380 ab
2084 2339 2316 2393 AEgyptiacae
2337 2353 2399 2380 su-

2261 2405 2348 2447 per·

1289 2506 1432 2540 omnino
1457 2505 1592 2551 liquet,
1617 2504 1792 2538 undenam
1817 2503 1892 2536 haec
1916 2502 2036 2538 fabula
2061 2504 2166 2535 traaa
2193 2500 2237 2534 sit
2253 2522 2260 2531 -
2305 2500 2400 2536 Hae-

1287 2553 1358 2586 tins
1384 2553 1499 2588 nullos
1520 2553 1606 2589 alios
1631 2551 1788 2596 ejusdem
1809 2558 1913 2584 testes
1932 2549 2029 2582 affert
2046 2570 2056 2588 ‚
2081 2559 2188 2593 quam
2213 2548 2399 2592 antiquum

1287 2599 1465 2643 hymnum
1491 2600 1526 2631 in
1552 2598 1690 2639 Misen,
1717 2601 1748 2630 8.·
1773 2606 1873 2630 vetus
1901 2597 2119 2641 epigramma
2147 2593 2253 2628 Libro
2277 2595 2302 2627 l.
2323 2594 2398 2628 Aa-

1289 2647 1452 2689 thologz‘ae
1471 2657 1546 2689 cap.
1569 2646 1624 2679 38.
1652 2644 1716 2678 Sed
1744 2656 1779 2677 re
1804 2643 2008 2687 diligentius
2027 2641 2225 2674 examinata
2252 2640 2285 2673 in
2312 2652 2398 2674 nett-

1287 2701 1343 2727 tro
1368 2692 1537 2736 opusculo
1561 2690 1635 2724 haec
1661 2692 1908 2726 continentur,
1933 2700 2009 2732 quse
2031 2687 2177 2720 Huetius
2201 2685 2243 2718 de
2262 2686 2399 2721 Baccho

1287 2750 1431 2774 narrat.
1474 2735 1608 2773 Deinde
1634 2738 1661 2770 si
1689 2737 1761 2770 hau:
1789 2736 1829 2768 de
1856 2735 1991 2769 Baccho
2017 2733 2135 2767 fabula
2160 2740 2284 2775 extat,
2319 2744 2397 2767 eam

1285 2797 1328 2819 ex
1356 2786 1492 2829 Moysis
1510 2784 1657 2817 historia
1676 2783 1851 2817 confictam
1864 2803 1875 2822 ,
1902 2793 1970 2814 non
1990 2792 2072 2813 vero
2091 2779 2273 2813 historiam
2291 2781 2397 2825 Moy·

1287 2832 1334 2865 sis
1369 2844 1408 2864 ex
1437 2829 1562 2864 Bacchi
1590 2830 1731 2870 fabula,
1767 2830 1822 2861 vel
1858 2840 1898 2861 ex
1924 2839 1966 2861 eo
2002 2828 2077 2860 solo
2107 2834 2267 2866 constat,
2303 2825 2397 2871 quod

1286 2879 1427 2922 Moyses
1455 2878 1560 2910 fuerit
1586 2875 1722 2909 Baccho
1747 2875 1952 2919 antiquior,
1990 2883 2028 2907 nt
2052 2870 2205 2907 ostendit
2232 2873 2396 2906 Clemens

1286 2922 1545 2958 Alexandrinus
1574 2924 1610 2955 in
1635 2923 1713 2955 Lib.
1741 2922 1854 2966 primo
1880 2920 2108 2954 Stromatum.
2138 2917 2327 2953 Vi‹t.⁴Nat.
2347 2921 2395 2954 A-

1285 2968 1453 3004 lexander
1480 2971 1514 3003 in
1535 2969 1635 3002 Hist.
1656 2968 1756 3004 Eccl.
1777 2967 1817 3001 V.
1838 2967 1875 3001 T.
1900 2969 1944 3002 de
1972 2965 2028 2999 IV.
2054 2967 2169 3000 mundi
2196 2974 2293 3001 atate
2319 2977 2393 3009 cap.

1286 3017 1319 3049 6.
1347 3025 1414 3049 art.
1436 3017 1466 3049 3.
1494 3018 1524 3058 §.
1548 3026 1601 3049 20.
1629 3015 1843 3048 Voltairinm
1869 3022 1986 3048 autem
2014 3013 2118 3057 plagii
2139 3033 2151 3054 ,
2176 3015 2208 3045 &
2233 3014 2395 3056 ignoran-

1285 3063 1341 3095 nan.
1371 3064 1403 3095 in
1430 3061 1494 3096 hac
1521 3060 1646 3094 Bacchi
1673 3061 1818 3100 fabula,
1854 3069 1892 3093 nt
1918 3060 1952 3093 in
1980 3059 2142 3105 pluribus
2178 3059 2281 3098 aliis,
2315 3058 2392 3101 jure

1283 3108 1462 3152 redarguit
1489 3111 1602 3141 ειιιᾶοῐ·
1627 3109 1671 3140 du
1691 3108 1910 3151 Supplement
1944 3110 1965 3140 ὰ
1991 3108 2024 3140 la
2052 3105 2276 3149 Philosophia
2299 3106 2341 3138 de
2365 3105 2393 3135 l·

1283 3155 1445 3188 Histoire
1470 3154 1590 3199 (lusere
1610 3154 1660 3186 M.
1688 3155 1818 3188 l’Abbe'
1837 3153 1944 3187 Bazin
1964 3163 2040 3198 pag·
2063 3153 2144 3186 316.
2171 3155 2201 3185 ὃς
2225 3162 2295 3193 seq·
2321 3147 2392 3181 Ad-

1282 3200 1317 3233 di
1343 3201 1449 3235 etiam
1475 3209 1586 3246 potest
1605 3198 1648 3233 D.
1669 3200 1832 3242 Frangois
1858 3201 2102 3235 Observations
2127 3211 2183 3233 sur
2206 3200 2240 3232 la
2261 3195 2394 3240 phylo-

1285 3249 1405 3294 sophie
1431 3250 1475 3284 de
1500 3250 1526 3284 1’
1542 3246 1706 3282 Histoire
1731 3250 1807 3283 (ἵε.
1835 3247 1889 3283 28.
