<?xml version="1.0" encoding="UTF-8"?>
<!DOCTYPE html PUBLIC "-//W3C//DTD XHTML 1.0 Transitional//EN"
    "http://www.w3.org/TR/xhtml1/DTD/xhtml1-transitional.dtd">
<html xmlns="http://www.w3.org/1999/xhtml" xml:lang="en" lang="en">
 <head>
  <title>
</title>
<meta http-equiv="Content-Type" content="text/html;charset=utf-8" />
  <meta name='ocr-system' content='tesseract 3.04.00' />
  <meta name='ocr-capabilities' content='ocr_page ocr_carea ocr_par ocr_line ocrx_word'/>
</head>
<body>
  <div class='ocr_page' id='page_1' title='image "./fratrispetrimari01gazzuoft_0140.png"; bbox 0 0 2564 3706; ppageno 0'>
   <div class='ocr_carea' id='block_1_1' title="bbox 263 134 343 162">
    <p class='ocr_par' dir='ltr' id='par_1_1' title="bbox 263 134 343 162">
     <span class='ocr_line' id='line_1_1' title="bbox 263 134 343 162; baseline -0.025 0"><span class='ocrx_word' id='word_1_1' title='bbox 263 134 343 162; x_wconf 75' lang='lat'><strong>¹20</strong></span> 
     </span>
    </p>
   </div>
   <div class='ocr_carea' id='block_1_2' title="bbox 179 190 1301 2418">
    <p class='ocr_par' dir='ltr' id='par_1_2' title="bbox 194 190 1301 457">
     <span class='ocr_line' id='line_1_2' title="bbox 198 190 1301 245; baseline -0.007 -9"><span class='ocrx_word' id='word_1_2' title='bbox 198 200 248 236; x_wconf 87' lang='lat' dir='ltr'><strong>ris</strong></span> <span class='ocrx_word' id='word_1_3' title='bbox 277 195 419 233; x_wconf 78' lang='lat' dir='ltr'>ordinis</span> <span class='ocrx_word' id='word_1_4' title='bbox 439 191 557 230; x_wconf 88' lang='lat' dir='ltr'><strong>multo</strong></span> <span class='ocrx_word' id='word_1_5' title='bbox 576 190 817 230; x_wconf 78' lang='lat' dir='ltr'>mirabiliora</span> <span class='ocrx_word' id='word_1_6' title='bbox 838 191 992 231; x_wconf 75' lang='lat' dir='ltr'><strong>facere?</strong></span> <span class='ocrx_word' id='word_1_7' title='bbox 1022 193 1155 245; x_wconf 82' lang='lat' dir='ltr'><strong>Reipsa</strong></span> <span class='ocrx_word' id='word_1_8' title='bbox 1186 206 1229 229; x_wconf 85' lang='lat' dir='ltr'><strong>ea</strong></span> <span class='ocrx_word' id='word_1_9' title='bbox 1250 206 1301 228; x_wconf 83' lang='lat' dir='ltr'><strong>ae-</strong></span> 
     </span>
     <span class='ocr_line' id='line_1_3' title="bbox 197 245 1301 298; baseline -0.007 -11"><span class='ocrx_word' id='word_1_10' title='bbox 197 259 270 287; x_wconf 76' lang='lat' dir='ltr'><strong>tate</strong></span> <span class='ocrx_word' id='word_1_11' title='bbox 314 249 428 283; x_wconf 81' lang='lat' dir='ltr'><strong>fuisse</strong></span> <span class='ocrx_word' id='word_1_12' title='bbox 472 247 659 296; x_wconf 75' lang='lat' dir='ltr'><strong>ingentem</strong></span> <span class='ocrx_word' id='word_1_13' title='bbox 689 259 887 298; x_wconf 82' lang='lat' dir='ltr'>magorum</span> <span class='ocrx_word' id='word_1_14' title='bbox 925 245 1132 283; x_wconf 80' lang='lat' dir='ltr'>colluviem</span> <span class='ocrx_word' id='word_1_15' title='bbox 1161 254 1301 281; x_wconf 86' lang='lat' dir='ltr'><strong>veteres</strong></span> 
     </span>
     <span class='ocr_line' id='line_1_4' title="bbox 196 297 1299 349; baseline -0.004 -12"><span class='ocrx_word' id='word_1_16' title='bbox 196 301 404 349; x_wconf 83' lang='lat' dir='ltr'>Scriptores</span> <span class='ocrx_word' id='word_1_17' title='bbox 424 297 620 336; x_wconf 89' lang='lat' dir='ltr'><strong>Svetonius</strong></span> <span class='ocrx_word' id='word_1_18' title='bbox 636 328 647 345; x_wconf 88' lang='lat'><strong>,</strong></span> <span class='ocrx_word' id='word_1_19' title='bbox 677 299 834 337; x_wconf 78' lang='lat' dir='ltr'>&#39;Tacitus</span> <span class='ocrx_word' id='word_1_20' title='bbox 851 329 862 347; x_wconf 88' lang='lat'><strong>,</strong></span> <span class='ocrx_word' id='word_1_21' title='bbox 894 299 967 336; x_wconf 84' lang='lat' dir='ltr'><strong>Dio</strong></span> <span class='ocrx_word' id='word_1_22' title='bbox 986 298 1272 348; x_wconf 80' lang='lat' dir='ltr'><strong>Clirysostomus</strong></span> <span class='ocrx_word' id='word_1_23' title='bbox 1289 324 1299 342; x_wconf 89' lang='lat'><strong>,</strong></span> 
     </span>
     <span class='ocr_line' id='line_1_5' title="bbox 194 349 1298 404; baseline -0.006 -14"><span class='ocrx_word' id='word_1_24' title='bbox 194 352 270 390; x_wconf 65' lang='lat' dir='ltr'><strong>Dio</strong></span> <span class='ocrx_word' id='word_1_25' title='bbox 299 352 476 400; x_wconf 80' lang='lat' dir='ltr'><strong>Cassius,</strong></span> <span class='ocrx_word' id='word_1_26' title='bbox 525 351 739 404; x_wconf 85' lang='lat' dir='ltr'><strong>Apulejus,</strong></span> <span class='ocrx_word' id='word_1_27' title='bbox 783 353 1002 398; x_wconf 81' lang='lat' dir='ltr'><strong>Luciauus,</strong></span> <span class='ocrx_word' id='word_1_28' title='bbox 1045 349 1267 400; x_wconf 76' lang='lat' dir='ltr'><strong>Spartianus</strong></span> <span class='ocrx_word' id='word_1_29' title='bbox 1287 376 1298 395; x_wconf 87' lang='lat'><strong>,</strong></span> 
     </span>
     <span class='ocr_line' id='line_1_6' title="bbox 194 403 1031 457; baseline -0.005 -15"><span class='ocrx_word' id='word_1_30' title='bbox 194 403 352 451; x_wconf 88' lang='lat' dir='ltr'><strong>Celsus,</strong></span> <span class='ocrx_word' id='word_1_31' title='bbox 383 403 646 457; x_wconf 81' lang='lat' dir='ltr'>Porphyrius,</span> <span class='ocrx_word' id='word_1_32' title='bbox 675 405 820 457; x_wconf 83' lang='lat' dir='ltr'><strong>aliique</strong></span> <span class='ocrx_word' id='word_1_33' title='bbox 850 412 1031 442; x_wconf 83' lang='lat' dir='ltr'><strong>narrant.</strong></span> 
     </span>
    </p>

    <p class='ocr_par' dir='ltr' id='par_1_3' title="bbox 180 453 1297 1618">
     <span class='ocr_line' id='line_1_7' title="bbox 248 453 1297 511; baseline -0.004 -16"><span class='ocrx_word' id='word_1_34' title='bbox 248 459 340 502; x_wconf 77' lang='lat'><strong>245.</strong></span> <span class='ocrx_word' id='word_1_35' title='bbox 372 456 484 511; x_wconf 79' lang='lat' dir='ltr'><strong>Resp.</strong></span> <span class='ocrx_word' id='word_1_36' title='bbox 516 453 754 496; x_wconf 71' lang='lat' dir='ltr'><strong>Mox-tuorum</strong></span> <span class='ocrx_word' id='word_1_37' title='bbox 777 458 1056 495; x_wconf 77' lang='lat' dir='ltr'><strong>suscitationem</strong></span> <span class='ocrx_word' id='word_1_38' title='bbox 1076 465 1171 504; x_wconf 86' lang='lat' dir='ltr'><strong>opus</strong></span> <span class='ocrx_word' id='word_1_39' title='bbox 1198 467 1297 502; x_wconf 85' lang='lat' dir='ltr'><strong>esse,</strong></span> 
     </span>
     <span class='ocr_line' id='line_1_8' title="bbox 189 508 1297 563; baseline -0.002 -16"><span class='ocrx_word' id='word_1_40' title='bbox 189 511 292 563; x_wconf 86' lang='lat' dir='ltr'><strong>quod</strong></span> <span class='ocrx_word' id='word_1_41' title='bbox 321 509 599 563; x_wconf 84' lang='lat' dir='ltr'><strong>cujuscumque</strong></span> <span class='ocrx_word' id='word_1_42' title='bbox 626 513 726 562; x_wconf 85' lang='lat' dir='ltr'><strong>genii</strong></span> <span class='ocrx_word' id='word_1_43' title='bbox 755 510 960 561; x_wconf 83' lang='lat' dir='ltr'><strong>potentiam</strong></span> <span class='ocrx_word' id='word_1_44' title='bbox 989 515 1162 557; x_wconf 85' lang='lat' dir='ltr'><strong>superat:</strong></span> <span class='ocrx_word' id='word_1_45' title='bbox 1209 508 1297 558; x_wconf 87' lang='lat' dir='ltr'><strong>quis</strong></span> 
     </span>
     <span class='ocr_line' id='line_1_9' title="bbox 189 558 1297 616; baseline -0.004 -15"><span class='ocrx_word' id='word_1_46' title='bbox 189 564 292 601; x_wconf 84' lang='lat' dir='ltr'><strong>euim</strong></span> <span class='ocrx_word' id='word_1_47' title='bbox 324 566 456 616; x_wconf 87' lang='lat' dir='ltr'><strong>poterit</strong></span> <span class='ocrx_word' id='word_1_48' title='bbox 476 567 646 602; x_wconf 85' lang='lat' dir='ltr'><strong>animam</strong></span> <span class='ocrx_word' id='word_1_49' title='bbox 676 564 821 613; x_wconf 83' lang='lat' dir='ltr'><strong>corpori</strong></span> <span class='ocrx_word' id='word_1_50' title='bbox 844 563 978 597; x_wconf 82' lang='lat' dir='ltr'><strong>iterum</strong></span> <span class='ocrx_word' id='word_1_51' title='bbox 1000 558 1206 610; x_wconf 85' lang='lat' dir='ltr'><strong>copulare,</strong></span> <span class='ocrx_word' id='word_1_52' title='bbox 1236 561 1297 597; x_wconf 86' lang='lat' dir='ltr'><strong>ni-</strong></span> 
     </span>
     <span class='ocr_line' id='line_1_10' title="bbox 190 611 1294 669; baseline -0.005 -14"><span class='ocrx_word' id='word_1_53' title='bbox 190 618 219 655; x_wconf 78' lang='lat' dir='ltr'><strong>si</strong></span> <span class='ocrx_word' id='word_1_54' title='bbox 250 618 416 669; x_wconf 77' lang='lat' dir='ltr'><strong>quieam</strong></span> <span class='ocrx_word' id='word_1_55' title='bbox 447 621 572 668; x_wconf 84' lang='lat' dir='ltr'><strong>primo</strong></span> <span class='ocrx_word' id='word_1_56' title='bbox 599 614 768 654; x_wconf 70' lang='lat' dir='ltr'><strong>creavit?</strong></span> <span class='ocrx_word' id='word_1_57' title='bbox 799 612 947 650; x_wconf 83' lang='lat' dir='ltr'><strong>Deinde</strong></span> <span class='ocrx_word' id='word_1_58' title='bbox 967 611 1035 649; x_wconf 84' lang='lat' dir='ltr'><strong>-vel</strong></span> <span class='ocrx_word' id='word_1_59' title='bbox 1064 613 1196 662; x_wconf 73' lang='lat' dir='ltr'><strong>genius</strong></span> <span class='ocrx_word' id='word_1_60' title='bbox 1227 613 1294 650; x_wconf 78' lang='lat' dir='ltr'><strong>iste</strong></span> 
     </span>
     <span class='ocr_line' id='line_1_11' title="bbox 189 664 1293 715; baseline -0.003 -8"><span class='ocrx_word' id='word_1_61' title='bbox 189 669 339 707; x_wconf 81' lang='lat' dir='ltr'><strong>Christo</strong></span> <span class='ocrx_word' id='word_1_62' title='bbox 367 673 535 707; x_wconf 71' lang='lat' dir='ltr'><strong>assistens</strong></span> <span class='ocrx_word' id='word_1_63' title='bbox 558 668 677 705; x_wconf 85' lang='lat' dir='ltr'><strong>malus</strong></span> <span class='ocrx_word' id='word_1_64' title='bbox 708 668 820 703; x_wconf 84' lang='lat' dir='ltr'><strong>fuisse</strong></span> <span class='ocrx_word' id='word_1_65' title='bbox 841 665 996 715; x_wconf 83' lang='lat' dir='ltr'><strong>fingitur</strong></span> <span class='ocrx_word' id='word_1_66' title='bbox 1013 694 1024 712; x_wconf 91' lang='lat'><strong>,</strong></span> <span class='ocrx_word' id='word_1_67' title='bbox 1053 664 1113 702; x_wconf 75' lang='lat' dir='ltr'><strong>vel</strong></span> <span class='ocrx_word' id='word_1_68' title='bbox 1143 664 1265 703; x_wconf 87' lang='lat' dir='ltr'><strong>bonus</strong></span> <span class='ocrx_word' id='word_1_69' title='bbox 1283 693 1293 704; x_wconf 85' lang='lat'>.</span> 
     </span>
     <span class='ocr_line' id='line_1_12' title="bbox 189 717 1293 800; baseline -0.005 -39"><span class='ocrx_word' id='word_1_70' title='bbox 189 723 234 762; x_wconf 89' lang='lat' dir='ltr'><strong>Si</strong></span> <span class='ocrx_word' id='word_1_71' title='bbox 263 722 386 760; x_wconf 82' lang='lat' dir='ltr'><strong>malus</strong></span> <span class='ocrx_word' id='word_1_72' title='bbox 403 753 412 770; x_wconf 90' lang='lat'><strong>,</strong></span> <span class='ocrx_word' id='word_1_73' title='bbox 441 721 627 774; x_wconf 90' lang='lat' dir='ltr'><strong>quomodo</strong></span> <span class='ocrx_word' id='word_1_74' title='bbox 650 721 765 800; x_wconf 53' lang='lat' dir='ltr'><strong>potuit</strong></span> <span class='ocrx_word' id='word_1_75' title='bbox 782 718 931 755; x_wconf 81' lang='lat' dir='ltr'><strong>Christo</strong></span> <span class='ocrx_word' id='word_1_76' title='bbox 960 726 1087 755; x_wconf 75' lang='lat' dir='ltr'><strong>contra</strong></span> <span class='ocrx_word' id='word_1_77' title='bbox 1104 717 1197 757; x_wconf 82' lang='lat' dir='ltr'><strong>alios</strong></span> <span class='ocrx_word' id='word_1_78' title='bbox 1216 721 1293 771; x_wconf 84' lang='lat' dir='ltr'><strong>spi—</strong></span> 
     </span>
     <span class='ocr_line' id='line_1_13' title="bbox 188 769 1294 825; baseline -0.003 -13"><span class='ocrx_word' id='word_1_79' title='bbox 188 778 284 813; x_wconf 82' lang='lat' dir='ltr'><strong>ritus</strong></span> <span class='ocrx_word' id='word_1_80' title='bbox 315 775 433 813; x_wconf 81' lang='lat' dir='ltr'><strong>malos</strong></span> <span class='ocrx_word' id='word_1_81' title='bbox 461 773 665 825; x_wconf 87' lang='lat' dir='ltr'><strong>opitulari.</strong></span> <span class='ocrx_word' id='word_1_82' title='bbox 698 786 785 809; x_wconf 88' lang='lat' dir='ltr'><strong>uam</strong></span> <span class='ocrx_word' id='word_1_83' title='bbox 815 784 944 808; x_wconf 85' lang='lat' dir='ltr'><strong>omues</strong></span> <span class='ocrx_word' id='word_1_84' title='bbox 963 769 1102 809; x_wconf 86' lang='lat' dir='ltr'><strong>Christi</strong></span> <span class='ocrx_word' id='word_1_85' title='bbox 1131 770 1294 811; x_wconf 52' lang='lat' dir='ltr'><strong>actiones</strong></span> 
     </span>
     <span class='ocr_line' id='line_1_14' title="bbox 189 824 1292 877; baseline -0.003 -11"><span class='ocrx_word' id='word_1_86' title='bbox 189 829 237 866; x_wconf 87' lang='lat' dir='ltr'><strong>ad</strong></span> <span class='ocrx_word' id='word_1_87' title='bbox 268 828 367 866; x_wconf 90' lang='lat' dir='ltr'><strong>hunc</strong></span> <span class='ocrx_word' id='word_1_88' title='bbox 398 841 515 864; x_wconf 83' lang='lat' dir='ltr'><strong>unum</strong></span> <span class='ocrx_word' id='word_1_89' title='bbox 546 838 702 877; x_wconf 89' lang='lat' dir='ltr'><strong>scopum</strong></span> <span class='ocrx_word' id='word_1_90' title='bbox 731 824 962 872; x_wconf 73' lang='lat' dir='ltr'><strong>tendebant,</strong></span> <span class='ocrx_word' id='word_1_91' title='bbox 1001 835 1042 861; x_wconf 89' lang='lat' dir='ltr'><strong>ut</strong></span> <span class='ocrx_word' id='word_1_92' title='bbox 1071 826 1292 863; x_wconf 84' lang='lat' dir='ltr'><strong>daemouum</strong></span> 
     </span>
     <span class='ocr_line' id='line_1_15' title="bbox 187 876 1291 933; baseline -0.001 -15"><span class='ocrx_word' id='word_1_93' title='bbox 187 893 348 933; x_wconf 82' lang='lat' dir='ltr'><strong>regnum</strong></span> <span class='ocrx_word' id='word_1_94' title='bbox 379 881 628 917; x_wconf 79' lang='lat' dir='ltr'><strong>destrueretur</strong></span> <span class='ocrx_word' id='word_1_95' title='bbox 646 905 656 916; x_wconf 85' lang='lat'>.</span> <span class='ocrx_word' id='word_1_96' title='bbox 700 878 801 915; x_wconf 89' lang='lat' dir='ltr'><strong>Hinc</strong></span> <span class='ocrx_word' id='word_1_97' title='bbox 830 876 1000 915; x_wconf 87' lang='lat' dir='ltr'><strong>Christus</strong></span> <span class='ocrx_word' id='word_1_98' title='bbox 1029 878 1214 916; x_wconf 82' lang='lat' dir='ltr'><strong>Dominus</strong></span> <span class='ocrx_word' id='word_1_99' title='bbox 1243 880 1291 917; x_wconf 84' lang='lat' dir='ltr'><strong>ad</strong></span> 
     </span>
     <span class='ocr_line' id='line_1_16' title="bbox 188 930 1292 985; baseline -0.001 -14"><span class='ocrx_word' id='word_1_100' title='bbox 188 932 286 972; x_wconf 81' lang='lat' dir='ltr'><strong>hauc</strong></span> <span class='ocrx_word' id='word_1_101' title='bbox 315 935 436 985; x_wconf 78' lang='lat' dir='ltr'><strong>ipsam</strong></span> <span class='ocrx_word' id='word_1_102' title='bbox 455 932 676 969; x_wconf 78' lang='lat' dir='ltr'><strong>Judaeorum</strong></span> <span class='ocrx_word' id='word_1_103' title='bbox 696 930 934 970; x_wconf 84' lang='lat' dir='ltr'><strong>calumniam</strong></span> <span class='ocrx_word' id='word_1_104' title='bbox 966 931 1213 969; x_wconf 74' lang='lat' dir='ltr'><strong>refellendam</strong></span> <span class='ocrx_word' id='word_1_105' title='bbox 1234 933 1292 970; x_wconf 86' lang='lat' dir='ltr'><strong>di-</strong></span> 
     </span>
     <span class='ocr_line' id='line_1_17' title="bbox 188 984 1293 1037; baseline 0 -14"><span class='ocrx_word' id='word_1_106' title='bbox 188 987 298 1023; x_wconf 84' lang='lat' dir='ltr'><strong>cebat</strong></span> <span class='ocrx_word' id='word_1_107' title='bbox 328 984 450 1032; x_wconf 81' lang='lat' dir='ltr'><strong>Lucae</strong></span> <span class='ocrx_word' id='word_1_108' title='bbox 480 984 549 1022; x_wconf 83' lang='lat' dir='ltr'><strong>XI.</strong></span> <span class='ocrx_word' id='word_1_109' title='bbox 581 984 614 1020; x_wconf 87' lang='lat'>&amp;</span> <span class='ocrx_word' id='word_1_110' title='bbox 642 999 719 1037; x_wconf 83' lang='lat' dir='ltr'><strong>seq.</strong></span> <span class='ocrx_word' id='word_1_111' title='bbox 748 998 870 1022; x_wconf 85' lang='lat' dir='ltr'><strong>omne</strong></span> <span class='ocrx_word' id='word_1_112' title='bbox 899 997 1064 1037; x_wconf 79' lang='lat' dir='ltr'><strong>regnum</strong></span> <span class='ocrx_word' id='word_1_113' title='bbox 1096 989 1137 1022; x_wconf 81' lang='lat' dir='ltr'><strong>in</strong></span> <span class='ocrx_word' id='word_1_114' title='bbox 1165 998 1208 1023; x_wconf 85' lang='lat' dir='ltr'><strong>se</strong></span> <span class='ocrx_word' id='word_1_115' title='bbox 1236 985 1293 1023; x_wconf 79' lang='lat' dir='ltr'><strong>di-</strong></span> 
     </span>
     <span class='ocr_line' id='line_1_18' title="bbox 186 1036 1293 1078; baseline 0.001 -4"><span class='ocrx_word' id='word_1_116' title='bbox 186 1042 309 1076; x_wconf 72' lang='lat' dir='ltr'><strong>rc&#39;sum</strong></span> <span class='ocrx_word' id='word_1_117' title='bbox 339 1036 602 1076; x_wconf 73' lang='lat' dir='ltr'><strong>desolabitur.</strong></span> <span class='ocrx_word' id='word_1_118' title='bbox 633 1037 825 1075; x_wconf 68' lang='lat' dir='ltr'><strong>Stantem</strong></span> <span class='ocrx_word' id='word_1_119' title='bbox 854 1038 903 1078; x_wconf 65' lang='lat'><strong>(9⁶</strong></span> <span class='ocrx_word' id='word_1_120' title='bbox 932 1037 1130 1075; x_wconf 67' lang='lat' dir='ltr'><strong>sathanas</strong></span> <span class='ocrx_word' id='word_1_121' title='bbox 1158 1042 1199 1076; x_wconf 86' lang='lat' dir='ltr'><strong>in</strong></span> <span class='ocrx_word' id='word_1_122' title='bbox 1220 1044 1293 1077; x_wconf 81' lang='lat' dir='ltr'><strong>sei-</strong></span> 
     </span>
     <span class='ocr_line' id='line_1_19' title="bbox 183 1089 1293 1145; baseline 0 -17"><span class='ocrx_word' id='word_1_123' title='bbox 183 1104 299 1144; x_wconf 81' lang='lat' dir='ltr'><strong>psum</strong></span> <span class='ocrx_word' id='word_1_124' title='bbox 329 1089 470 1129; x_wconf 58' lang='lat' dir='ltr'><strong>clia-isus</strong></span> <span class='ocrx_word' id='word_1_125' title='bbox 490 1100 548 1128; x_wconf 81' lang='lat' dir='ltr'><strong>est</strong></span> <span class='ocrx_word' id='word_1_126' title='bbox 566 1121 576 1139; x_wconf 87' lang='lat'><strong>,</strong></span> <span class='ocrx_word' id='word_1_127' title='bbox 605 1091 801 1142; x_wconf 69' lang='lat' dir='ltr'><strong>quomodo</strong></span> <span class='ocrx_word' id='word_1_128' title='bbox 829 1090 947 1128; x_wconf 72' lang='lat' dir='ltr'><strong>stabit</strong></span> <span class='ocrx_word' id='word_1_129' title='bbox 976 1105 1144 1144; x_wconf 71' lang='lat' dir='ltr'><strong>regnum</strong></span> <span class='ocrx_word' id='word_1_130' title='bbox 1174 1091 1293 1145; x_wconf 80' lang='lat' dir='ltr'><strong>ejus?</strong></span> 
     </span>
     <span class='ocr_line' id='line_1_20' title="bbox 185 1144 1293 1196; baseline 0.001 -14"><span class='ocrx_word' id='word_1_131' title='bbox 185 1144 357 1192; x_wconf 83' lang='lat' dir='ltr'><strong>Rursus,</strong></span> <span class='ocrx_word' id='word_1_132' title='bbox 403 1145 593 1196; x_wconf 81' lang='lat' dir='ltr'><strong>quomodo</strong></span> <span class='ocrx_word' id='word_1_133' title='bbox 622 1147 741 1195; x_wconf 87' lang='lat' dir='ltr'><strong>potuit</strong></span> <span class='ocrx_word' id='word_1_134' title='bbox 770 1146 922 1196; x_wconf 85' lang='lat' dir='ltr'><strong>spiritus</strong></span> <span class='ocrx_word' id='word_1_135' title='bbox 951 1147 1076 1182; x_wconf 86' lang='lat' dir='ltr'><strong>malus</strong></span> <span class='ocrx_word' id='word_1_136' title='bbox 1118 1144 1200 1196; x_wconf 76' lang='lat' dir='ltr'><strong>ejus</strong></span> <span class='ocrx_word' id='word_1_137' title='bbox 1228 1146 1293 1183; x_wconf 89' lang='lat' dir='ltr'><strong>do-</strong></span> 
     </span>
     <span class='ocr_line' id='line_1_21' title="bbox 184 1196 1293 1246; baseline 0.002 -12"><span class='ocrx_word' id='word_1_138' title='bbox 184 1196 318 1234; x_wconf 66' lang='lat' dir='ltr'><strong>&amp;riuae</strong></span> <span class='ocrx_word' id='word_1_139' title='bbox 339 1206 417 1234; x_wconf 89' lang='lat' dir='ltr'><strong>tam</strong></span> <span class='ocrx_word' id='word_1_140' title='bbox 446 1198 584 1246; x_wconf 77' lang='lat' dir='ltr'><strong>bonae,</strong></span> <span class='ocrx_word' id='word_1_141' title='bbox 614 1198 649 1234; x_wconf 71' lang='lat'><strong>8:</strong></span> <span class='ocrx_word' id='word_1_142' title='bbox 677 1207 754 1236; x_wconf 82' lang='lat' dir='ltr'><strong>tam</strong></span> <span class='ocrx_word' id='word_1_143' title='bbox 769 1197 906 1235; x_wconf 68' lang='lat' dir='ltr'><strong>sanstae</strong></span> <span class='ocrx_word' id='word_1_144' title='bbox 924 1200 1180 1235; x_wconf 81' lang='lat' dir='ltr'><strong>testimonium</strong></span> <span class='ocrx_word' id='word_1_145' title='bbox 1211 1199 1293 1236; x_wconf 86' lang='lat' dir='ltr'><strong>red-</strong></span> 
     </span>
     <span class='ocr_line' id='line_1_22' title="bbox 183 1248 1291 1301; baseline -0.002 -12"><span class='ocrx_word' id='word_1_146' title='bbox 183 1248 304 1289; x_wconf 79' lang='lat' dir='ltr'><strong>dere?</strong></span> <span class='ocrx_word' id='word_1_147' title='bbox 349 1251 391 1288; x_wconf 86' lang='lat' dir='ltr'><strong>Si</strong></span> <span class='ocrx_word' id='word_1_148' title='bbox 420 1260 547 1289; x_wconf 87' lang='lat' dir='ltr'><strong>autem</strong></span> <span class='ocrx_word' id='word_1_149' title='bbox 578 1260 706 1289; x_wconf 87' lang='lat' dir='ltr'><strong>contra</strong></span> <span class='ocrx_word' id='word_1_150' title='bbox 735 1251 883 1289; x_wconf 85' lang='lat' dir='ltr'><strong>dicatur</strong></span> <span class='ocrx_word' id='word_1_151' title='bbox 901 1280 911 1297; x_wconf 86' lang='lat'><strong>,</strong></span> <span class='ocrx_word' id='word_1_152' title='bbox 959 1254 1112 1301; x_wconf 85' lang='lat' dir='ltr'><strong>genium</strong></span> <span class='ocrx_word' id='word_1_153' title='bbox 1141 1250 1291 1288; x_wconf 87' lang='lat' dir='ltr'><strong>Christo</strong></span> 
     </span>
     <span class='ocr_line' id='line_1_23' title="bbox 184 1303 1288 1354; baseline -0.002 -12"><span class='ocrx_word' id='word_1_154' title='bbox 184 1304 395 1342; x_wconf 82' lang='lat' dir='ltr'><strong>adstantem</strong></span> <span class='ocrx_word' id='word_1_155' title='bbox 440 1304 554 1341; x_wconf 86' lang='lat' dir='ltr'><strong>fuisse</strong></span> <span class='ocrx_word' id='word_1_156' title='bbox 595 1303 768 1350; x_wconf 86' lang='lat' dir='ltr'><strong>bonum,</strong></span> <span class='ocrx_word' id='word_1_157' title='bbox 816 1305 1005 1354; x_wconf 89' lang='lat' dir='ltr'><strong>quomodo</strong></span> <span class='ocrx_word' id='word_1_158' title='bbox 1034 1312 1178 1354; x_wconf 83' lang='lat' dir='ltr'><strong>poterat</strong></span> <span class='ocrx_word' id='word_1_159' title='bbox 1210 1312 1288 1341; x_wconf 85' lang='lat' dir='ltr'><strong>tam</strong></span> 
     </span>
     <span class='ocr_line' id='line_1_24' title="bbox 183 1354 1290 1408; baseline -0.001 -14"><span class='ocrx_word' id='word_1_160' title='bbox 183 1356 377 1408; x_wconf 82' lang='lat' dir='ltr'><strong>stupendis</strong></span> <span class='ocrx_word' id='word_1_161' title='bbox 407 1355 604 1394; x_wconf 79' lang='lat' dir='ltr'><strong>miraculis</strong></span> <span class='ocrx_word' id='word_1_162' title='bbox 626 1356 825 1394; x_wconf 74' lang='lat' dir='ltr'><strong>falsitatem</strong></span> <span class='ocrx_word' id='word_1_163' title='bbox 844 1384 855 1401; x_wconf 89' lang='lat'><strong>,</strong></span> <span class='ocrx_word' id='word_1_164' title='bbox 888 1356 964 1391; x_wconf 89' lang='lat' dir='ltr'><strong>imo</strong></span> <span class='ocrx_word' id='word_1_165' title='bbox 992 1355 1105 1406; x_wconf 83' lang='lat' dir='ltr'><strong>plane</strong></span> <span class='ocrx_word' id='word_1_166' title='bbox 1134 1354 1290 1393; x_wconf 87' lang='lat' dir='ltr'><strong>horreu-</strong></span> 
     </span>
     <span class='ocr_line' id='line_1_25' title="bbox 183 1407 1290 1460; baseline -0.001 -13"><span class='ocrx_word' id='word_1_167' title='bbox 183 1410 272 1457; x_wconf 81' lang='lat' dir='ltr'><strong>dam</strong></span> <span class='ocrx_word' id='word_1_168' title='bbox 302 1408 583 1460; x_wconf 79' lang='lat' dir='ltr'><strong>blasphemiam</strong></span> <span class='ocrx_word' id='word_1_169' title='bbox 613 1407 802 1459; x_wconf 80' lang='lat' dir='ltr'><strong>probare?</strong></span> <span class='ocrx_word' id='word_1_170' title='bbox 840 1407 1011 1445; x_wconf 81' lang='lat' dir='ltr'><strong>Christus</strong></span> <span class='ocrx_word' id='word_1_171' title='bbox 1039 1410 1143 1446; x_wconf 89' lang='lat' dir='ltr'><strong>enim</strong></span> <span class='ocrx_word' id='word_1_172' title='bbox 1174 1411 1290 1447; x_wconf 88' lang='lat' dir='ltr'><strong>mira-</strong></span> 
     </span>
     <span class='ocr_line' id='line_1_26' title="bbox 184 1459 1290 1512; baseline 0 -13"><span class='ocrx_word' id='word_1_173' title='bbox 184 1461 283 1500; x_wconf 85' lang='lat' dir='ltr'><strong>culis</strong></span> <span class='ocrx_word' id='word_1_174' title='bbox 311 1462 386 1499; x_wconf 87' lang='lat' dir='ltr'><strong>suis</strong></span> <span class='ocrx_word' id='word_1_175' title='bbox 415 1460 511 1498; x_wconf 86' lang='lat' dir='ltr'><strong>nihil</strong></span> <span class='ocrx_word' id='word_1_176' title='bbox 541 1460 646 1498; x_wconf 84' lang='lat' dir='ltr'><strong>aliud</strong></span> <span class='ocrx_word' id='word_1_177' title='bbox 677 1459 827 1512; x_wconf 84' lang='lat' dir='ltr'><strong>populis</strong></span> <span class='ocrx_word' id='word_1_178' title='bbox 858 1461 1083 1511; x_wconf 84' lang='lat' dir='ltr'><strong>persuadere</strong></span> <span class='ocrx_word' id='word_1_179' title='bbox 1112 1459 1290 1510; x_wconf 81' lang='lat' dir='ltr'><strong>volebat,</strong></span> 
     </span>
     <span class='ocr_line' id='line_1_27' title="bbox 181 1512 1290 1568; baseline 0.002 -18"><span class='ocrx_word' id='word_1_180' title='bbox 181 1527 300 1567; x_wconf 86' lang='lat' dir='ltr'><strong>quam</strong></span> <span class='ocrx_word' id='word_1_181' title='bbox 328 1528 366 1551; x_wconf 88' lang='lat' dir='ltr'><strong>se</strong></span> <span class='ocrx_word' id='word_1_182' title='bbox 394 1526 471 1551; x_wconf 89' lang='lat' dir='ltr'><strong>esse</strong></span> <span class='ocrx_word' id='word_1_183' title='bbox 501 1512 630 1551; x_wconf 89' lang='lat' dir='ltr'><strong>filium</strong></span> <span class='ocrx_word' id='word_1_184' title='bbox 660 1513 733 1552; x_wconf 89' lang='lat' dir='ltr'><strong>Dei</strong></span> <span class='ocrx_word' id='word_1_185' title='bbox 763 1528 784 1550; x_wconf 90' lang='lat' dir='ltr'><strong>a</strong></span> <span class='ocrx_word' id='word_1_186' title='bbox 815 1512 923 1550; x_wconf 78' lang='lat' dir='ltr'><strong>Patre</strong></span> <span class='ocrx_word' id='word_1_187' title='bbox 953 1515 1110 1552; x_wconf 88' lang='lat' dir='ltr'><strong>missum</strong></span> <span class='ocrx_word' id='word_1_188' title='bbox 1129 1544 1140 1563; x_wconf 86' lang='lat'><strong>,</strong></span> <span class='ocrx_word' id='word_1_189' title='bbox 1178 1516 1290 1568; x_wconf 87' lang='lat' dir='ltr'><strong>eique</strong></span> 
     </span>
     <span class='ocr_line' id='line_1_28' title="bbox 180 1565 922 1618; baseline -0.001 -13"><span class='ocrx_word' id='word_1_190' title='bbox 180 1566 415 1618; x_wconf 62' lang='lat' dir='ltr'><strong>coaequalem</strong></span> <span class='ocrx_word' id='word_1_191' title='bbox 433 1596 444 1615; x_wconf 87' lang='lat'><strong>,</strong></span> <span class='ocrx_word' id='word_1_192' title='bbox 475 1566 509 1603; x_wconf 71' lang='lat'><strong>8&lt;</strong></span> <span class='ocrx_word' id='word_1_193' title='bbox 537 1565 894 1605; x_wconf 83' lang='lat' dir='ltr'><strong>consubstantialem</strong></span> <span class='ocrx_word' id='word_1_194' title='bbox 911 1593 922 1604; x_wconf 86' lang='lat'><strong>.</strong></span> 
     </span>
    </p>

    <p class='ocr_par' dir='ltr' id='par_1_4' title="bbox 180 1619 1293 2096">
     <span class='ocr_line' id='line_1_29' title="bbox 237 1619 1293 1674; baseline 0 -16"><span class='ocrx_word' id='word_1_195' title='bbox 237 1619 328 1665; x_wconf 78' lang='lat'><strong>246.</strong></span> <span class='ocrx_word' id='word_1_196' title='bbox 358 1619 451 1671; x_wconf 88' lang='lat' dir='ltr'><strong>Obj.</strong></span> <span class='ocrx_word' id='word_1_197' title='bbox 472 1621 659 1672; x_wconf 84' lang='lat' dir='ltr'><strong>septimo.</strong></span> <span class='ocrx_word' id='word_1_198' title='bbox 689 1619 838 1660; x_wconf 81' lang='lat' dir='ltr'><strong>Mirum</strong></span> <span class='ocrx_word' id='word_1_199' title='bbox 855 1630 935 1668; x_wconf 81' lang='lat' dir='ltr'><strong>est,</strong></span> <span class='ocrx_word' id='word_1_200' title='bbox 965 1635 1009 1659; x_wconf 87' lang='lat' dir='ltr'><strong>ac</strong></span> <span class='ocrx_word' id='word_1_201' title='bbox 1027 1621 1104 1659; x_wconf 84' lang='lat' dir='ltr'><strong>fere</strong></span> <span class='ocrx_word' id='word_1_202' title='bbox 1120 1621 1293 1674; x_wconf 85' lang='lat' dir='ltr'><strong>prodigio</strong></span> 
     </span>
     <span class='ocr_line' id='line_1_30' title="bbox 180 1673 1291 1725; baseline 0.001 -14"><span class='ocrx_word' id='word_1_203' title='bbox 180 1674 329 1721; x_wconf 87' lang='lat' dir='ltr'><strong>simile,</strong></span> <span class='ocrx_word' id='word_1_204' title='bbox 358 1682 434 1721; x_wconf 87' lang='lat' dir='ltr'><strong>tot,</strong></span> <span class='ocrx_word' id='word_1_205' title='bbox 464 1687 551 1725; x_wconf 63' lang='lat' dir='ltr'><strong>quae</strong></span> <span class='ocrx_word' id='word_1_206' title='bbox 580 1688 602 1711; x_wconf 85' lang='lat' dir='ltr'><strong>a</strong></span> <span class='ocrx_word' id='word_1_207' title='bbox 630 1673 739 1712; x_wconf 79' lang='lat' dir='ltr'><strong>nobis</strong></span> <span class='ocrx_word' id='word_1_208' title='bbox 759 1674 984 1723; x_wconf 83' lang='lat' dir='ltr'><strong>creduntur,</strong></span> <span class='ocrx_word' id='word_1_209' title='bbox 1014 1674 1291 1713; x_wconf 78' lang='lat' dir='ltr'><strong>miraculorum</strong></span> 
     </span>
     <span class='ocr_line' id='line_1_31' title="bbox 181 1726 1292 1778; baseline 0.002 -14"><span class='ocrx_word' id='word_1_210' title='bbox 181 1726 352 1774; x_wconf 88' lang='lat' dir='ltr'><strong>Christi,</strong></span> <span class='ocrx_word' id='word_1_211' title='bbox 382 1735 493 1778; x_wconf 86' lang='lat' dir='ltr'><strong>atque</strong></span> <span class='ocrx_word' id='word_1_212' title='bbox 521 1728 638 1764; x_wconf 87' lang='lat' dir='ltr'><strong>etiam</strong></span> <span class='ocrx_word' id='word_1_213' title='bbox 668 1726 934 1778; x_wconf 78' lang='lat' dir='ltr'><strong>Apostolorum</strong></span> <span class='ocrx_word' id='word_1_214' title='bbox 964 1727 1110 1766; x_wconf 77' lang='lat' dir='ltr'><strong>nullam</strong></span> <span class='ocrx_word' id='word_1_215' title='bbox 1142 1729 1292 1766; x_wconf 86' lang='lat' dir='ltr'><strong>inveni·</strong></span> 
     </span>
     <span class='ocr_line' id='line_1_32' title="bbox 181 1779 1291 1834; baseline 0.002 -17"><span class='ocrx_word' id='word_1_216' title='bbox 181 1780 216 1817; x_wconf 79' lang='lat' dir='ltr'><strong>ri</strong></span> <span class='ocrx_word' id='word_1_217' title='bbox 247 1781 474 1816; x_wconf 85' lang='lat' dir='ltr'><strong>mentionem</strong></span> <span class='ocrx_word' id='word_1_218' title='bbox 496 1793 617 1832; x_wconf 88' lang='lat' dir='ltr'><strong>neque</strong></span> <span class='ocrx_word' id='word_1_219' title='bbox 645 1781 748 1832; x_wconf 86' lang='lat' dir='ltr'><strong>apud</strong></span> <span class='ocrx_word' id='word_1_220' title='bbox 764 1779 943 1819; x_wconf 81' lang='lat' dir='ltr'><strong>Flavium</strong></span> <span class='ocrx_word' id='word_1_221' title='bbox 958 1781 1194 1834; x_wconf 85' lang='lat' dir='ltr'><strong>Josephum,</strong></span> <span class='ocrx_word' id='word_1_222' title='bbox 1223 1782 1291 1834; x_wconf 91' lang='lat' dir='ltr'><strong>qui</strong></span> 
     </span>
     <span class='ocr_line' id='line_1_33' title="bbox 180 1832 1292 1884; baseline 0.003 -14"><span class='ocrx_word' id='word_1_223' title='bbox 180 1841 308 1870; x_wconf 81' lang='lat' dir='ltr'><strong>tamen</strong></span> <span class='ocrx_word' id='word_1_224' title='bbox 336 1832 430 1869; x_wconf 88' lang='lat' dir='ltr'><strong>alios</strong></span> <span class='ocrx_word' id='word_1_225' title='bbox 458 1833 677 1884; x_wconf 85' lang='lat' dir='ltr'><strong>impostores</strong></span> <span class='ocrx_word' id='word_1_226' title='bbox 706 1832 827 1871; x_wconf 88' lang='lat' dir='ltr'><strong>multo</strong></span> <span class='ocrx_word' id='word_1_227' title='bbox 865 1835 992 1872; x_wconf 88' lang='lat' dir='ltr'><strong>minus</strong></span> <span class='ocrx_word' id='word_1_228' title='bbox 1020 1835 1186 1874; x_wconf 83' lang='lat' dir='ltr'><strong>celebres</strong></span> <span class='ocrx_word' id='word_1_229' title='bbox 1216 1848 1292 1873; x_wconf 87' lang='lat' dir='ltr'><strong>nou</strong></span> 
     </span>
     <span class='ocr_line' id='line_1_34' title="bbox 181 1884 1293 1939; baseline 0.004 -17"><span class='ocrx_word' id='word_1_230' title='bbox 181 1886 452 1938; x_wconf 81' lang='lat' dir='ltr'><strong>praeterinisit3</strong></span> <span class='ocrx_word' id='word_1_231' title='bbox 499 1899 618 1938; x_wconf 85' lang='lat' dir='ltr'><strong>neque</strong></span> <span class='ocrx_word' id='word_1_232' title='bbox 661 1886 763 1937; x_wconf 84' lang='lat' dir='ltr'><strong>apud</strong></span> <span class='ocrx_word' id='word_1_233' title='bbox 791 1884 1143 1931; x_wconf 61' lang='lat' dir='ltr'><strong>aliumaufiorem</strong></span> <span class='ocrx_word' id='word_1_234' title='bbox 1173 1887 1293 1939; x_wconf 82' lang='lat' dir='ltr'><strong>Paga·</strong></span> 
     </span>
     <span class='ocr_line' id='line_1_35' title="bbox 181 1937 1292 1991; baseline 0.001 -15"><span class='ocrx_word' id='word_1_235' title='bbox 181 1951 305 1986; x_wconf 83' lang='lat' dir='ltr'><strong>num,</strong></span> <span class='ocrx_word' id='word_1_236' title='bbox 352 1937 412 1976; x_wconf 83' lang='lat' dir='ltr'><strong>vel</strong></span> <span class='ocrx_word' id='word_1_237' title='bbox 441 1937 620 1976; x_wconf 78' lang='lat' dir='ltr'><strong>Judaeum</strong></span> <span class='ocrx_word' id='word_1_238' title='bbox 651 1937 758 1976; x_wconf 89' lang='lat' dir='ltr'><strong>illius</strong></span> <span class='ocrx_word' id='word_1_239' title='bbox 789 1939 861 1976; x_wconf 83' lang='lat' dir='ltr'><strong>aevi</strong></span> <span class='ocrx_word' id='word_1_240' title='bbox 884 1968 895 1986; x_wconf 83' lang='lat'>‚</span> <span class='ocrx_word' id='word_1_241' title='bbox 943 1940 1006 1977; x_wconf 89' lang='lat' dir='ltr'><strong>sed</strong></span> <span class='ocrx_word' id='word_1_242' title='bbox 1035 1939 1158 1977; x_wconf 89' lang='lat' dir='ltr'><strong>solum</strong></span> <span class='ocrx_word' id='word_1_243' title='bbox 1188 1941 1292 1991; x_wconf 85' lang='lat' dir='ltr'><strong>apud.</strong></span> 
     </span>
     <span class='ocr_line' id='line_1_36' title="bbox 181 1991 1291 2046; baseline 0.002 -17"><span class='ocrx_word' id='word_1_244' title='bbox 181 1991 443 2039; x_wconf 82' lang='lat' dir='ltr'><strong>Christianos,</strong></span> <span class='ocrx_word' id='word_1_245' title='bbox 472 2004 637 2043; x_wconf 85' lang='lat' dir='ltr'><strong>quorum</strong></span> <span class='ocrx_word' id='word_1_246' title='bbox 657 1992 918 2031; x_wconf 81' lang='lat' dir='ltr'><strong>testimonium</strong></span> <span class='ocrx_word' id='word_1_247' title='bbox 945 1993 985 2031; x_wconf 91' lang='lat' dir='ltr'><strong>in</strong></span> <span class='ocrx_word' id='word_1_248' title='bbox 1014 1994 1171 2046; x_wconf 86' lang='lat' dir='ltr'><strong>propria</strong></span> <span class='ocrx_word' id='word_1_249' title='bbox 1199 2007 1291 2031; x_wconf 84' lang='lat' dir='ltr'><strong>cau·</strong></span> 
     </span>
     <span class='ocr_line' id='line_1_37' title="bbox 180 2043 575 2096; baseline 0 -13"><span class='ocrx_word' id='word_1_250' title='bbox 180 2059 224 2083; x_wconf 75' lang='lat' dir='ltr'><strong>sa</strong></span> <span class='ocrx_word' id='word_1_251' title='bbox 253 2043 466 2096; x_wconf 65' lang='lat' dir='ltr'><strong>suspestum</strong></span> <span class='ocrx_word' id='word_1_252' title='bbox 496 2054 575 2083; x_wconf 82' lang='lat' dir='ltr'><strong>est.</strong></span> 
     </span>
    </p>

    <p class='ocr_par' dir='ltr' id='par_1_5' title="bbox 179 2096 1295 2418">
     <span class='ocr_line' id='line_1_38' title="bbox 239 2096 1294 2151; baseline 0.004 -18"><span class='ocrx_word' id='word_1_253' title='bbox 239 2097 330 2148; x_wconf 77' lang='lat'><strong>247.</strong></span> <span class='ocrx_word' id='word_1_254' title='bbox 362 2096 472 2148; x_wconf 83' lang='lat' dir='ltr'><strong>Resp.</strong></span> <span class='ocrx_word' id='word_1_255' title='bbox 503 2098 566 2148; x_wconf 81' lang='lat' dir='ltr'><strong>(a)</strong></span> <span class='ocrx_word' id='word_1_256' title='bbox 596 2098 742 2136; x_wconf 80' lang='lat' dir='ltr'><strong>Omnes</strong></span> <span class='ocrx_word' id='word_1_257' title='bbox 773 2097 941 2136; x_wconf 67' lang='lat' dir='ltr'><strong>auctores</strong></span> <span class='ocrx_word' id='word_1_258' title='bbox 968 2099 1036 2150; x_wconf 82' lang='lat' dir='ltr'><strong>qui</strong></span> <span class='ocrx_word' id='word_1_259' title='bbox 1069 2099 1188 2151; x_wconf 85' lang='lat' dir='ltr'><strong>primi</strong></span> <span class='ocrx_word' id='word_1_260' title='bbox 1219 2099 1294 2137; x_wconf 82' lang='lat' dir='ltr'><strong>mi·</strong></span> 
     </span>
     <span class='ocr_line' id='line_1_39' title="bbox 179 2149 1294 2203; baseline 0.001 -15"><span class='ocrx_word' id='word_1_261' title='bbox 179 2149 313 2188; x_wconf 77' lang='lat' dir='ltr'><strong>racula</strong></span> <span class='ocrx_word' id='word_1_262' title='bbox 333 2149 474 2188; x_wconf 81' lang='lat' dir='ltr'><strong>Christi</strong></span> <span class='ocrx_word' id='word_1_263' title='bbox 491 2179 501 2197; x_wconf 93' lang='lat'><strong>,</strong></span> <span class='ocrx_word' id='word_1_264' title='bbox 533 2149 876 2202; x_wconf 82' lang='lat' dir='ltr'><strong>Apostolorumque</strong></span> <span class='ocrx_word' id='word_1_265' title='bbox 895 2152 1147 2203; x_wconf 87' lang='lat' dir='ltr'><strong>scripserunt,</strong></span> <span class='ocrx_word' id='word_1_266' title='bbox 1177 2153 1294 2190; x_wconf 81' lang='lat' dir='ltr'><strong>fuisse</strong></span> 
     </span>
     <span class='ocr_line' id='line_1_40' title="bbox 181 2201 1293 2256; baseline 0.004 -17"><span class='ocrx_word' id='word_1_267' title='bbox 181 2202 242 2243; x_wconf 88' lang='lat' dir='ltr'><strong>vel</strong></span> <span class='ocrx_word' id='word_1_268' title='bbox 271 2202 449 2251; x_wconf 80' lang='lat' dir='ltr'><strong>Judaeos,</strong></span> <span class='ocrx_word' id='word_1_269' title='bbox 486 2201 547 2241; x_wconf 85' lang='lat' dir='ltr'><strong>vel</strong></span> <span class='ocrx_word' id='word_1_270' title='bbox 577 2202 785 2250; x_wconf 89' lang='lat' dir='ltr'><strong>Ethnicos,</strong></span> <span class='ocrx_word' id='word_1_271' title='bbox 826 2205 894 2256; x_wconf 90' lang='lat' dir='ltr'><strong>qui</strong></span> <span class='ocrx_word' id='word_1_272' title='bbox 923 2205 1144 2242; x_wconf 88' lang='lat' dir='ltr'><strong>eorumdem</strong></span> <span class='ocrx_word' id='word_1_273' title='bbox 1176 2207 1293 2243; x_wconf 88' lang='lat' dir='ltr'><strong>mira-</strong></span> 
     </span>
     <span class='ocr_line' id='line_1_41' title="bbox 181 2254 1295 2309; baseline -0.001 -13"><span class='ocrx_word' id='word_1_274' title='bbox 181 2256 360 2296; x_wconf 86' lang='lat' dir='ltr'><strong>culorum</strong></span> <span class='ocrx_word' id='word_1_275' title='bbox 400 2256 591 2294; x_wconf 86' lang='lat' dir='ltr'><strong>evidentia</strong></span> <span class='ocrx_word' id='word_1_276' title='bbox 619 2254 785 2294; x_wconf 58' lang='lat' dir='ltr'><strong>convitii</strong></span> <span class='ocrx_word' id='word_1_277' title='bbox 813 2257 862 2295; x_wconf 89' lang='lat' dir='ltr'><strong>ad</strong></span> <span class='ocrx_word' id='word_1_278' title='bbox 890 2256 1030 2295; x_wconf 83' lang='lat' dir='ltr'><strong>Christi</strong></span> <span class='ocrx_word' id='word_1_279' title='bbox 1069 2256 1295 2309; x_wconf 81' lang='lat' dir='ltr'><strong>religionem</strong></span> 
     </span>
     <span class='ocr_line' id='line_1_42' title="bbox 181 2307 1295 2361; baseline 0 -13"><span class='ocrx_word' id='word_1_280' title='bbox 181 2310 438 2348; x_wconf 80' lang='lat' dir='ltr'><strong>transierunt.</strong></span> <span class='ocrx_word' id='word_1_281' title='bbox 467 2307 583 2348; x_wconf 79' lang='lat' dir='ltr'><strong>Tales</strong></span> <span class='ocrx_word' id='word_1_282' title='bbox 614 2310 765 2348; x_wconf 81' lang='lat' dir='ltr'><strong>fuerunt</strong></span> <span class='ocrx_word' id='word_1_283' title='bbox 781 2308 1062 2361; x_wconf 81' lang='lat' dir='ltr'><strong>Evangelistae,</strong></span> <span class='ocrx_word' id='word_1_284' title='bbox 1092 2310 1178 2350; x_wconf 87' lang='lat' dir='ltr'><strong>talis</strong></span> <span class='ocrx_word' id='word_1_285' title='bbox 1197 2310 1295 2349; x_wconf 87' lang='lat' dir='ltr'><strong>Pau-</strong></span> 
     </span>
     <span class='ocr_line' id='line_1_43' title="bbox 181 2361 1294 2418; baseline 0.002 -17"><span class='ocrx_word' id='word_1_286' title='bbox 181 2361 268 2413; x_wconf 85' lang='lat' dir='ltr'><strong>lus,</strong></span> <span class='ocrx_word' id='word_1_287' title='bbox 296 2363 485 2416; x_wconf 85' lang='lat' dir='ltr'><strong>ceterique</strong></span> <span class='ocrx_word' id='word_1_288' title='bbox 508 2361 706 2417; x_wconf 83' lang='lat' dir='ltr'><strong>Apostoli3</strong></span> <span class='ocrx_word' id='word_1_289' title='bbox 735 2372 817 2402; x_wconf 86' lang='lat' dir='ltr'><strong>tum</strong></span> <span class='ocrx_word' id='word_1_290' title='bbox 846 2372 975 2418; x_wconf 82' lang='lat' dir='ltr'><strong>postea</strong></span> <span class='ocrx_word' id='word_1_291' title='bbox 992 2363 1198 2416; x_wconf 77' lang='lat' dir='ltr'><strong>Clemens,</strong></span> <span class='ocrx_word' id='word_1_292' title='bbox 1226 2364 1294 2404; x_wconf 86' lang='lat' dir='ltr'><strong>Ju-</strong></span> 
     </span>
    </p>
   </div>
   <div class='ocr_carea' id='block_1_3' title="bbox 184 2537 1292 3374">
    <p class='ocr_par' dir='ltr' id='par_1_6' title="bbox 184 2537 1290 2678">
     <span class='ocr_line' id='line_1_44' title="bbox 227 2537 1290 2585; baseline 0.005 -14"><span class='ocrx_word' id='word_1_293' title='bbox 227 2540 277 2577; x_wconf 83' lang='lat' dir='ltr'><strong>(o)</strong></span> <span class='ocrx_word' id='word_1_294' title='bbox 300 2537 390 2571; x_wconf 88' lang='lat' dir='ltr'><strong>Cum</strong></span> <span class='ocrx_word' id='word_1_295' title='bbox 417 2537 560 2572; x_wconf 85' lang='lat' dir='ltr'><strong>Hieron.</strong></span> <span class='ocrx_word' id='word_1_296' title='bbox 597 2539 807 2574; x_wconf 79' lang='lat' dir='ltr'><strong>Savonarola</strong></span> <span class='ocrx_word' id='word_1_297' title='bbox 848 2541 881 2573; x_wconf 90' lang='lat' dir='ltr'><strong>in</strong></span> <span class='ocrx_word' id='word_1_298' title='bbox 919 2539 1100 2585; x_wconf 78' lang='lat' dir='ltr'><strong>Triumpho</strong></span> <span class='ocrx_word' id='word_1_299' title='bbox 1134 2541 1259 2576; x_wconf 76' lang='lat' dir='ltr'><strong>Crucis</strong></span> <span class='ocrx_word' id='word_1_300' title='bbox 1279 2564 1290 2584; x_wconf 90' lang='lat'>‚</span> 
     </span>
     <span class='ocr_line' id='line_1_45' title="bbox 184 2585 1289 2632; baseline 0.006 -15"><span class='ocrx_word' id='word_1_301' title='bbox 184 2587 257 2618; x_wconf 69' lang='lat' dir='ltr'><strong>sive</strong></span> <span class='ocrx_word' id='word_1_302' title='bbox 281 2585 325 2617; x_wconf 85' lang='lat' dir='ltr'><strong>cle</strong></span> <span class='ocrx_word' id='word_1_303' title='bbox 350 2588 494 2618; x_wconf 76' lang='lat' dir='ltr'><strong>veritate</strong></span> <span class='ocrx_word' id='word_1_304' title='bbox 510 2586 608 2628; x_wconf 82' lang='lat' dir='ltr'><strong>fidei</strong></span> <span class='ocrx_word' id='word_1_305' title='bbox 629 2587 736 2620; x_wconf 85' lang='lat' dir='ltr'><strong>Libro</strong></span> <span class='ocrx_word' id='word_1_306' title='bbox 752 2588 776 2620; x_wconf 91' lang='lat' dir='ltr'><strong>l.</strong></span> <span class='ocrx_word' id='word_1_307' title='bbox 802 2587 907 2632; x_wconf 79' lang='lat' dir='ltr'><strong>capit.</strong></span> <span class='ocrx_word' id='word_1_308' title='bbox 926 2588 960 2630; x_wconf 92' lang='lat'><strong>4.</strong></span> <span class='ocrx_word' id='word_1_309' title='bbox 986 2586 1130 2621; x_wconf 81' lang='lat' dir='ltr'><strong>edition.</strong></span> <span class='ocrx_word' id='word_1_310' title='bbox 1157 2599 1289 2624; x_wconf 81' lang='lat' dir='ltr'><strong>curatae</strong></span> 
     </span>
     <span class='ocr_line' id='line_1_46' title="bbox 185 2631 1102 2678; baseline 0.003 -14"><span class='ocrx_word' id='word_1_311' title='bbox 185 2643 204 2664; x_wconf 79' lang='lat' dir='ltr'><strong>a</strong></span> <span class='ocrx_word' id='word_1_312' title='bbox 229 2631 302 2663; x_wconf 73' lang='lat' dir='ltr'><strong>Pat.</strong></span> <span class='ocrx_word' id='word_1_313' title='bbox 329 2631 457 2677; x_wconf 79' lang='lat' dir='ltr'><strong>Raym.</strong></span> <span class='ocrx_word' id='word_1_314' title='bbox 486 2633 609 2666; x_wconf 74' lang='lat' dir='ltr'><strong>Coi-sio</strong></span> <span class='ocrx_word' id='word_1_315' title='bbox 633 2633 818 2666; x_wconf 77' lang='lat' dir='ltr'><strong>Florentiae</strong></span> <span class='ocrx_word' id='word_1_316' title='bbox 851 2634 953 2678; x_wconf 81' lang='lat'>1767.</span> <span class='ocrx_word' id='word_1_317' title='bbox 981 2634 1019 2666; x_wconf 89' lang='lat' dir='ltr'><strong>in</strong></span> <span class='ocrx_word' id='word_1_318' title='bbox 1050 2645 1102 2667; x_wconf 85' lang='lat'><strong>12.</strong></span> 
     </span>
    </p>

    <p class='ocr_par' dir='ltr' id='par_1_7' title="bbox 184 2677 1292 3374">
     <span class='ocr_line' id='line_1_47' title="bbox 235 2677 1290 2726; baseline 0.007 -18"><span class='ocrx_word' id='word_1_319' title='bbox 235 2678 281 2715; x_wconf 76' lang='lat' dir='ltr'><strong>(b)</strong></span> <span class='ocrx_word' id='word_1_320' title='bbox 306 2677 376 2720; x_wconf 85' lang='lat' dir='ltr'><strong>Qui</strong></span> <span class='ocrx_word' id='word_1_321' title='bbox 403 2678 503 2722; x_wconf 77' lang='lat' dir='ltr'><strong>plura</strong></span> <span class='ocrx_word' id='word_1_322' title='bbox 530 2678 763 2714; x_wconf 80' lang='lat' dir='ltr'><strong>Ethm&#39;corum</strong></span> <span class='ocrx_word' id='word_1_323' title='bbox 791 2680 991 2713; x_wconf 78' lang='lat' dir='ltr'><strong>testimonia</strong></span> <span class='ocrx_word' id='word_1_324' title='bbox 1022 2679 1141 2713; x_wconf 83' lang='lat' dir='ltr'><strong>videre</strong></span> <span class='ocrx_word' id='word_1_325' title='bbox 1166 2682 1290 2726; x_wconf 88' lang='lat' dir='ltr'><strong>cupit,</strong></span> 
     </span>
     <span class='ocr_line' id='line_1_48' title="bbox 186 2720 1291 2771; baseline 0.006 -18"><span class='ocrx_word' id='word_1_326' title='bbox 186 2720 284 2755; x_wconf 77' lang='lat' dir='ltr'><strong>adeat</strong></span> <span class='ocrx_word' id='word_1_327' title='bbox 303 2724 471 2757; x_wconf 78' lang='lat' dir='ltr'><strong>Huetium</strong></span> <span class='ocrx_word' id='word_1_328' title='bbox 498 2725 532 2757; x_wconf 86' lang='lat' dir='ltr'><strong>in</strong></span> <span class='ocrx_word' id='word_1_329' title='bbox 550 2724 746 2760; x_wconf 77' lang='lat' dir='ltr'><strong>Demonstr.</strong></span> <span class='ocrx_word' id='word_1_330' title='bbox 774 2726 942 2770; x_wconf 70' lang='lat' dir='ltr'><strong>Euangel.</strong></span> <span class='ocrx_word' id='word_1_331' title='bbox 972 2727 1069 2771; x_wconf 86' lang='lat' dir='ltr'><strong>Prop.</strong></span> <span class='ocrx_word' id='word_1_332' title='bbox 1090 2728 1149 2760; x_wconf 87' lang='lat'>111.</span> <span class='ocrx_word' id='word_1_333' title='bbox 1176 2728 1291 2761; x_wconf 90' lang='lat' dir='ltr'><strong>Bulle-</strong></span> 
     </span>
     <span class='ocr_line' id='line_1_49' title="bbox 186 2768 1290 2808; baseline 0.007 -8"><span class='ocrx_word' id='word_1_334' title='bbox 186 2775 261 2801; x_wconf 78' lang='lat' dir='ltr'><strong>tum</strong></span> <span class='ocrx_word' id='word_1_335' title='bbox 286 2768 370 2802; x_wconf 83' lang='lat' dir='ltr'><strong>dans</strong></span> <span class='ocrx_word' id='word_1_336' title='bbox 395 2770 532 2803; x_wconf 81' lang='lat' dir='ltr'><strong>l‘Hist.</strong></span> <span class='ocrx_word' id='word_1_337' title='bbox 559 2773 602 2806; x_wconf 77' lang='lat' dir='ltr'><strong>(le</strong></span> <span class='ocrx_word' id='word_1_338' title='bbox 627 2773 925 2806; x_wconf 63' lang='lat' dir='ltr'><strong>l&#39;e&#39;tahlzssement</strong></span> <span class='ocrx_word' id='word_1_339' title='bbox 948 2775 993 2806; x_wconf 80' lang='lat' dir='ltr'><strong>du</strong></span> <span class='ocrx_word' id='word_1_340' title='bbox 1019 2774 1290 2808; x_wconf 56' lang='lat' dir='ltr'><strong>Christianis-me</strong></span> 
     </span>
     <span class='ocr_line' id='line_1_50' title="bbox 185 2816 1290 2865; baseline 0.009 -21"><span class='ocrx_word' id='word_1_341' title='bbox 185 2816 254 2864; x_wconf 55' lang='lat' dir='ltr'><strong>gire*</strong></span> <span class='ocrx_word' id='word_1_342' title='bbox 274 2817 336 2847; x_wconf 81' lang='lat' dir='ltr'><strong>des</strong></span> <span class='ocrx_word' id='word_1_343' title='bbox 364 2819 453 2850; x_wconf 72' lang='lat' dir='ltr'><strong>seuls</strong></span> <span class='ocrx_word' id='word_1_344' title='bbox 484 2826 622 2852; x_wconf 78' lang='lat' dir='ltr'><strong>auteurs</strong></span> <span class='ocrx_word' id='word_1_345' title='bbox 645 2819 768 2862; x_wconf 80' lang='lat' dir='ltr'><strong>Jmfs,</strong></span> <span class='ocrx_word' id='word_1_346' title='bbox 796 2824 836 2852; x_wconf 73' lang='lat'><strong>(7¹</strong></span> <span class='ocrx_word' id='word_1_347' title='bbox 863 2820 1003 2862; x_wconf 70' lang='lat' dir='ltr'><strong>Parens</strong></span> <span class='ocrx_word' id='word_1_348' title='bbox 1030 2821 1049 2852; x_wconf 68' lang='grc' dir='ltr'><strong>ξι</strong></span> <span class='ocrx_word' id='word_1_349' title='bbox 1069 2820 1165 2852; x_wconf 79' lang='lat' dir='ltr'><strong>Paris</strong></span> <span class='ocrx_word' id='word_1_350' title='bbox 1189 2821 1290 2865; x_wconf 82' lang='lat'><em>1764·</em></span> 
     </span>
     <span class='ocr_line' id='line_1_51' title="bbox 185 2859 1292 2911; baseline 0.009 -20"><span class='ocrx_word' id='word_1_351' title='bbox 185 2869 224 2891; x_wconf 84' lang='lat' dir='ltr'><strong>m</strong></span> <span class='ocrx_word' id='word_1_352' title='bbox 249 2859 280 2898; x_wconf 87' lang='lat'><strong>4.</strong></span> <span class='ocrx_word' id='word_1_353' title='bbox 307 2864 337 2892; x_wconf 68' lang='grc' dir='ltr'>ἀ</span> <span class='ocrx_word' id='word_1_354' title='bbox 362 2862 395 2893; x_wconf 88' lang='lat' dir='ltr'><strong>P.</strong></span> <span class='ocrx_word' id='word_1_355' title='bbox 420 2861 462 2894; x_wconf 74' lang='lat' dir='ltr'><strong>de</strong></span> <span class='ocrx_word' id='word_1_356' title='bbox 487 2865 631 2898; x_wconf 77' lang='lat' dir='ltr'><strong>Colonia</strong></span> <span class='ocrx_word' id='word_1_357' title='bbox 659 2866 692 2898; x_wconf 88' lang='lat' dir='ltr'><strong>in</strong></span> <span class='ocrx_word' id='word_1_358' title='bbox 718 2866 809 2899; x_wconf 85' lang='lat' dir='ltr'><strong>libro</strong></span> <span class='ocrx_word' id='word_1_359' title='bbox 828 2866 877 2900; x_wconf 79' lang='lat' dir='ltr'><strong>La</strong></span> <span class='ocrx_word' id='word_1_360' title='bbox 903 2869 1053 2911; x_wconf 76' lang='lat' dir='ltr'><strong>religion</strong></span> <span class='ocrx_word' id='word_1_361' title='bbox 1080 2866 1292 2901; x_wconf 54' lang='lat' dir='ltr'><strong>Chreme-nne</strong></span> 
     </span>
     <span class='ocr_line' id='line_1_52' title="bbox 185 2909 1292 2958; baseline 0.007 -20"><span class='ocrx_word' id='word_1_362' title='bbox 185 2909 357 2956; x_wconf 57' lang='lat' dir='ltr'><strong>autorisese</strong></span> <span class='ocrx_word' id='word_1_363' title='bbox 370 2911 494 2949; x_wconf 81' lang='lat' dir='ltr'><strong>parles</strong></span> <span class='ocrx_word' id='word_1_364' title='bbox 507 2915 737 2956; x_wconf 73' lang='lat' dir='ltr'><strong>temoignuges</strong></span> <span class='ocrx_word' id='word_1_365' title='bbox 750 2914 812 2946; x_wconf 79' lang='lat' dir='ltr'><strong>des</strong></span> <span class='ocrx_word' id='word_1_366' title='bbox 825 2917 966 2947; x_wconf 78' lang='lat' dir='ltr'><strong>enciens</strong></span> <span class='ocrx_word' id='word_1_367' title='bbox 977 2914 1126 2946; x_wconf 75' lang='lat' dir='ltr'><strong>Autem-s</strong></span> <span class='ocrx_word' id='word_1_368' title='bbox 1136 2913 1292 2958; x_wconf 59' lang='lat' dir='ltr'><strong>Porcus.</strong></span> 
     </span>
     <span class='ocr_line' id='line_1_53' title="bbox 184 2949 1290 3003; baseline 0.009 -20"><span class='ocrx_word' id='word_1_369' title='bbox 184 2949 237 2983; x_wconf 88' lang='lat' dir='ltr'><strong>De</strong></span> <span class='ocrx_word' id='word_1_370' title='bbox 264 2954 459 2985; x_wconf 82' lang='lat' dir='ltr'><strong>testimonio</strong></span> <span class='ocrx_word' id='word_1_371' title='bbox 483 2955 678 3000; x_wconf 72' lang='lat' dir='ltr'><strong>Phlegontis</strong></span> <span class='ocrx_word' id='word_1_372' title='bbox 695 2980 706 2999; x_wconf 89' lang='lat'><strong>,</strong></span> <span class='ocrx_word' id='word_1_373' title='bbox 733 2971 775 2992; x_wconf 79' lang='lat' dir='ltr'><strong>an</strong></span> <span class='ocrx_word' id='word_1_374' title='bbox 798 2959 938 3003; x_wconf 80' lang='lat' dir='ltr'><strong>eclipsis</strong></span> <span class='ocrx_word' id='word_1_375' title='bbox 963 2959 1007 2992; x_wconf 72' lang='lat' dir='ltr'><strong>ab</strong></span> <span class='ocrx_word' id='word_1_376' title='bbox 1033 2971 1073 2992; x_wconf 89' lang='lat' dir='ltr'><strong>eo</strong></span> <span class='ocrx_word' id='word_1_377' title='bbox 1096 2969 1290 2994; x_wconf 78' lang='lat' dir='ltr'><strong>memorata</strong></span> 
     </span>
     <span class='ocr_line' id='line_1_54' title="bbox 186 2998 1290 3050; baseline 0.01 -21"><span class='ocrx_word' id='word_1_378' title='bbox 186 3007 273 3048; x_wconf 43' lang='lat' dir='ltr'><strong>cum·</strong></span> <span class='ocrx_word' id='word_1_379' title='bbox 294 2998 445 3030; x_wconf 74' lang='lat' dir='ltr'><strong>tenebris</strong></span> <span class='ocrx_word' id='word_1_380' title='bbox 472 3001 564 3034; x_wconf 64' lang='lat' dir='ltr'><strong>saetis</strong></span> <span class='ocrx_word' id='word_1_381' title='bbox 591 3004 626 3035; x_wconf 91' lang='lat' dir='ltr'><strong>in</strong></span> <span class='ocrx_word' id='word_1_382' title='bbox 644 3005 777 3039; x_wconf 85' lang='lat' dir='ltr'><strong>Christi</strong></span> <span class='ocrx_word' id='word_1_383' title='bbox 802 3014 913 3040; x_wconf 86' lang='lat' dir='ltr'><strong>morte</strong></span> <span class='ocrx_word' id='word_1_384' title='bbox 939 3006 1149 3045; x_wconf 75' lang='lat' dir='ltr'><strong>conveniat,</strong></span> <span class='ocrx_word' id='word_1_385' title='bbox 1173 3006 1290 3050; x_wconf 77' lang='lat' dir='ltr'><strong>major</strong></span> 
     </span>
     <span class='ocr_line' id='line_1_55' title="bbox 185 3043 1288 3097; baseline 0.013 -26"><span class='ocrx_word' id='word_1_386' title='bbox 185 3050 238 3094; x_wconf 57' lang='lat' dir='ltr'><strong>est</strong></span> <span class='ocrx_word' id='word_1_387' title='bbox 267 3050 360 3093; x_wconf 67' lang='lat' dir='ltr'><strong>inter</strong></span> <span class='ocrx_word' id='word_1_388' title='bbox 383 3043 535 3079; x_wconf 79' lang='lat' dir='ltr'><strong>eruditos</strong></span> <span class='ocrx_word' id='word_1_389' title='bbox 561 3051 821 3093; x_wconf 80' lang='lat' dir='ltr'><strong>controversia,</strong></span> <span class='ocrx_word' id='word_1_390' title='bbox 845 3063 922 3096; x_wconf 79' lang='lat' dir='ltr'><strong>quae</strong></span> <span class='ocrx_word' id='word_1_391' title='bbox 950 3064 1005 3085; x_wconf 84' lang='lat' dir='ltr'><strong>an.</strong></span> <span class='ocrx_word' id='word_1_392' title='bbox 1031 3052 1131 3096; x_wconf 82' lang='lat'><strong>¹73²·</strong></span> <span class='ocrx_word' id='word_1_393' title='bbox 1159 3055 1191 3084; x_wconf 72' lang='grc' dir='ltr'>ἃ</span> <span class='ocrx_word' id='word_1_394' title='bbox 1216 3064 1288 3097; x_wconf 80' lang='lat' dir='ltr'><strong>seq.</strong></span> 
     </span>
     <span class='ocr_line' id='line_1_56' title="bbox 185 3091 1287 3142; baseline 0.011 -23"><span class='ocrx_word' id='word_1_395' title='bbox 185 3097 279 3138; x_wconf 78' lang='lat' dir='ltr'><strong>mter</strong></span> <span class='ocrx_word' id='word_1_396' title='bbox 304 3091 528 3139; x_wconf 80' lang='lat' dir='ltr'><strong>Wistonum,</strong></span> <span class='ocrx_word' id='word_1_397' title='bbox 569 3096 599 3124; x_wconf 84' lang='lat'><strong>&amp;</strong></span> <span class='ocrx_word' id='word_1_398' title='bbox 626 3095 819 3131; x_wconf 82' lang='lat' dir='ltr'><strong>Sichesium</strong></span> <span class='ocrx_word' id='word_1_399' title='bbox 850 3099 891 3130; x_wconf 80' lang='lat' dir='ltr'><strong>&#39;in</strong></span> <span class='ocrx_word' id='word_1_400' title='bbox 916 3098 1045 3142; x_wconf 84' lang='lat' dir='ltr'><strong>Anglia</strong></span> <span class='ocrx_word' id='word_1_401' title='bbox 1079 3097 1258 3132; x_wconf 85' lang='lat' dir='ltr'><strong>recruduit</strong></span> <span class='ocrx_word' id='word_1_402' title='bbox 1277 3121 1287 3131; x_wconf 85' lang='lat'><strong>.</strong></span> 
     </span>
     <span class='ocr_line' id='line_1_57' title="bbox 185 3134 1288 3189; baseline 0.012 -24"><span class='ocrx_word' id='word_1_403' title='bbox 185 3134 483 3186; x_wconf 50' lang='lat' dir='ltr'><strong>AJ²b3³.P¹&#39;¹¹¹¹&#39;.¹.⁵</strong></span> <span class='ocrx_word' id='word_1_404' title='bbox 510 3137 544 3169; x_wconf 86' lang='lat' dir='ltr'><strong>in</strong></span> <span class='ocrx_word' id='word_1_405' title='bbox 570 3136 703 3173; x_wconf 86' lang='lat' dir='ltr'><strong>duobus</strong></span> <span class='ocrx_word' id='word_1_406' title='bbox 737 3144 920 3185; x_wconf 84' lang='lat' dir='ltr'><strong>operibus,</strong></span> <span class='ocrx_word' id='word_1_407' title='bbox 961 3155 1112 3189; x_wconf 85' lang='lat' dir='ltr'><strong>quorum</strong></span> <span class='ocrx_word' id='word_1_408' title='bbox 1137 3146 1288 3178; x_wconf 83' lang='lat' dir='ltr'><strong>alterum</strong></span> 
     </span>
     <span class='ocr_line' id='line_1_58' title="bbox 185 3178 1288 3225; baseline 0.01 -12"><span class='ocrx_word' id='word_1_409' title='bbox 185 3178 336 3213; x_wconf 84' lang='lat' dir='ltr'><strong>Londini</strong></span> <span class='ocrx_word' id='word_1_410' title='bbox 363 3179 490 3224; x_wconf 88' lang='lat' dir='ltr'><strong>produt</strong></span> <span class='ocrx_word' id='word_1_411' title='bbox 516 3193 571 3214; x_wconf 83' lang='lat' dir='ltr'><strong>an.</strong></span> <span class='ocrx_word' id='word_1_412' title='bbox 594 3194 692 3225; x_wconf 78' lang='lat'><strong>¹702·</strong></span> <span class='ocrx_word' id='word_1_413' title='bbox 719 3188 782 3219; x_wconf 89' lang='lat' dir='ltr'><strong>sub</strong></span> <span class='ocrx_word' id='word_1_414' title='bbox 801 3187 864 3221; x_wconf 85' lang='lat' dir='ltr'><strong>hoe</strong></span> <span class='ocrx_word' id='word_1_415' title='bbox 891 3191 1018 3223; x_wconf 81' lang='lat' dir='ltr'><strong>titulo:</strong></span> <span class='ocrx_word' id='word_1_416' title='bbox 1045 3190 1288 3224; x_wconf 78' lang='lat' dir='ltr'><strong>Testimonium</strong></span> 
     </span>
     <span class='ocr_line' id='line_1_59' title="bbox 186 3225 1288 3280; baseline 0.013 -23"><span class='ocrx_word' id='word_1_417' title='bbox 186 3225 596 3270; x_wconf 60' lang='lat' dir='ltr'><strong>Phlegontis-deserimur</strong></span> <span class='ocrx_word' id='word_1_418' title='bbox 625 3235 697 3263; x_wconf 62' lang='lat' dir='ltr'><strong>&amp;c-</strong></span> <span class='ocrx_word' id='word_1_419' title='bbox 735 3233 895 3267; x_wconf 79' lang='lat' dir='ltr'><strong>Alterum</strong></span> <span class='ocrx_word' id='word_1_420' title='bbox 923 3237 1026 3279; x_wconf 82' lang='lat'><strong>1733.</strong></span> <span class='ocrx_word' id='word_1_421' title='bbox 1053 3236 1217 3280; x_wconf 79' lang='lat' dir='ltr'><strong>Epistola</strong></span> <span class='ocrx_word' id='word_1_422' title='bbox 1241 3239 1288 3271; x_wconf 83' lang='lat' dir='ltr'><strong>ad</strong></span> 
     </span>
     <span class='ocr_line' id='line_1_60' title="bbox 187 3272 1288 3326; baseline 0.013 -22"><span class='ocrx_word' id='word_1_423' title='bbox 187 3272 407 3312; x_wconf 60' lang='lat' dir='ltr'><strong>siclinium,</strong></span> <span class='ocrx_word' id='word_1_424' title='bbox 433 3286 495 3316; x_wconf 78' lang='lat' dir='ltr'><strong>qua</strong></span> <span class='ocrx_word' id='word_1_425' title='bbox 519 3279 708 3316; x_wconf 78' lang='lat' dir='ltr'><strong>evincitur,</strong></span> <span class='ocrx_word' id='word_1_426' title='bbox 743 3283 970 3314; x_wconf 77' lang='lat' dir='ltr'><strong>testimonium</strong></span> <span class='ocrx_word' id='word_1_427' title='bbox 997 3282 1201 3326; x_wconf 79' lang='lat' dir='ltr'><strong>Phlegontis</strong></span> <span class='ocrx_word' id='word_1_428' title='bbox 1227 3296 1288 3318; x_wconf 82' lang='lat' dir='ltr'><strong>eas</strong></span> 
     </span>
     <span class='ocr_line' id='line_1_61' title="bbox 187 3319 1288 3374; baseline 0.012 -25"><span class='ocrx_word' id='word_1_429' title='bbox 187 3319 346 3352; x_wconf 74' lang='lat' dir='ltr'><strong>tenebras</strong></span> <span class='ocrx_word' id='word_1_430' title='bbox 372 3320 553 3360; x_wconf 75' lang='lat' dir='ltr'><strong>indicare,</strong></span> <span class='ocrx_word' id='word_1_431' title='bbox 591 3335 658 3367; x_wconf 82' lang='lat' dir='ltr'><strong>qnae</strong></span> <span class='ocrx_word' id='word_1_432' title='bbox 680 3327 844 3359; x_wconf 79' lang='lat' dir='ltr'><strong>moriente</strong></span> <span class='ocrx_word' id='word_1_433' title='bbox 868 3326 1010 3361; x_wconf 80' lang='lat' dir='ltr'><strong>Christo</strong></span> <span class='ocrx_word' id='word_1_434' title='bbox 1045 3334 1261 3374; x_wconf 75' lang='lat' dir='ltr'><strong>contigerunt</strong></span> <span class='ocrx_word' id='word_1_435' title='bbox 1278 3352 1288 3362; x_wconf 86' lang='lat'>.</span> 
     </span>
    </p>
   </div>
   <div class='ocr_carea' id='block_1_4' title="bbox 949 109 1729 158">
    <p class='ocr_par' dir='ltr' id='par_1_8' title="bbox 949 109 1729 158">
     <span class='ocr_line' id='line_1_62' title="bbox 949 109 1729 158; baseline -0.005 -1"><span class='ocrx_word' id='word_1_436' title='bbox 949 110 1353 158; x_wconf 76' lang='lat' dir='ltr'>DISSERTA‘I&#39;IO</span> <span class='ocrx_word' id='word_1_437' title='bbox 1387 109 1464 154; x_wconf 91' lang='lat' dir='ltr'>III.</span> <span class='ocrx_word' id='word_1_438' title='bbox 1498 111 1626 156; x_wconf 86' lang='lat' dir='ltr'><strong>CAP.</strong></span> <span class='ocrx_word' id='word_1_439' title='bbox 1648 110 1729 155; x_wconf 88' lang='lat'>111.</span> 
     </span>
    </p>
   </div>
   <div class='ocr_carea' id='block_1_5' title="bbox 1357 188 2483 2459">
    <p class='ocr_par' dir='ltr' id='par_1_9' title="bbox 1360 188 2479 770">
     <span class='ocr_line' id='line_1_63' title="bbox 1370 188 2470 244; baseline 0.003 -17"><span class='ocrx_word' id='word_1_440' title='bbox 1370 190 1490 227; x_wconf 89' lang='lat' dir='ltr'><strong>stinus</strong></span> <span class='ocrx_word' id='word_1_441' title='bbox 1507 219 1518 236; x_wconf 88' lang='lat'>‚</span> <span class='ocrx_word' id='word_1_442' title='bbox 1548 191 1715 240; x_wconf 73' lang='lat' dir='ltr'><strong>ignatius</strong></span> <span class='ocrx_word' id='word_1_443' title='bbox 1732 218 1743 236; x_wconf 87' lang='lat'>‚</span> <span class='ocrx_word' id='word_1_444' title='bbox 1771 188 2006 242; x_wconf 77' lang='lat' dir='ltr'><strong>Polycarpus</strong></span> <span class='ocrx_word' id='word_1_445' title='bbox 2035 190 2105 230; x_wconf 70' lang='grc' dir='ltr'>ἃς.</span> <span class='ocrx_word' id='word_1_446' title='bbox 2135 189 2267 244; x_wconf 80' lang='lat' dir='ltr'><strong>Neque</strong></span> <span class='ocrx_word' id='word_1_447' title='bbox 2295 203 2385 230; x_wconf 79' lang='lat' dir='ltr'><strong>vero</strong></span> <span class='ocrx_word' id='word_1_448' title='bbox 2412 206 2470 230; x_wconf 83' lang='lat' dir='ltr'><strong>re-</strong></span> 
     </span>
     <span class='ocr_line' id='line_1_64' title="bbox 1369 241 2474 297; baseline 0.005 -19"><span class='ocrx_word' id='word_1_449' title='bbox 1369 242 1440 278; x_wconf 84' lang='lat' dir='ltr'><strong>fert</strong></span> <span class='ocrx_word' id='word_1_450' title='bbox 1457 270 1468 288; x_wconf 87' lang='lat'><strong>,</strong></span> <span class='ocrx_word' id='word_1_451' title='bbox 1499 241 1581 279; x_wconf 82' lang='lat' dir='ltr'><strong>haec</strong></span> <span class='ocrx_word' id='word_1_452' title='bbox 1609 254 1669 278; x_wconf 85' lang='lat' dir='ltr'><strong>eos</strong></span> <span class='ocrx_word' id='word_1_453' title='bbox 1685 241 1819 278; x_wconf 89' lang='lat' dir='ltr'><strong>litteris</strong></span> <span class='ocrx_word' id='word_1_454' title='bbox 1835 255 1905 278; x_wconf 90' lang='lat' dir='ltr'><strong>non</strong></span> <span class='ocrx_word' id='word_1_455' title='bbox 1929 246 2124 282; x_wconf 78' lang='lat' dir='ltr'><strong>mandasse</strong></span> <span class='ocrx_word' id='word_1_456' title='bbox 2143 276 2152 293; x_wconf 79' lang='lat'><strong>,</strong></span> <span class='ocrx_word' id='word_1_457' title='bbox 2183 246 2254 283; x_wconf 83' lang='lat' dir='ltr'><strong>nisi</strong></span> <span class='ocrx_word' id='word_1_458' title='bbox 2273 253 2474 297; x_wconf 69' lang='lat' dir='ltr'><strong>postquam</strong></span> 
     </span>
     <span class='ocr_line' id='line_1_65' title="bbox 1368 292 2474 344; baseline 0.005 -15"><span class='ocrx_word' id='word_1_459' title='bbox 1368 293 1542 344; x_wconf 86' lang='lat' dir='ltr'><strong>religioni</strong></span> <span class='ocrx_word' id='word_1_460' title='bbox 1557 292 1782 331; x_wconf 68' lang='lat' dir='ltr'><strong>Christianae</strong></span> <span class='ocrx_word' id='word_1_461' title='bbox 1801 307 1939 332; x_wconf 87' lang='lat' dir='ltr'><strong>nomen</strong></span> <span class='ocrx_word' id='word_1_462' title='bbox 1954 296 2135 335; x_wconf 83' lang='lat' dir='ltr'><strong>dederunt</strong></span> <span class='ocrx_word' id='word_1_463' title='bbox 2152 324 2162 335; x_wconf 84' lang='lat'><strong>.</strong></span> <span class='ocrx_word' id='word_1_464' title='bbox 2184 298 2351 336; x_wconf 74' lang='lat' dir='ltr'><strong>&#39;Tamum</strong></span> <span class='ocrx_word' id='word_1_465' title='bbox 2372 299 2474 335; x_wconf 82' lang='lat' dir='ltr'><strong>enim</strong></span> 
     </span>
     <span class='ocr_line' id='line_1_66' title="bbox 1368 346 2478 404; baseline 0.003 -20"><span class='ocrx_word' id='word_1_466' title='bbox 1368 346 1501 394; x_wconf 86' lang='lat' dir='ltr'><strong>abest,</strong></span> <span class='ocrx_word' id='word_1_467' title='bbox 1532 355 1570 385; x_wconf 88' lang='lat' dir='ltr'><strong>ut</strong></span> <span class='ocrx_word' id='word_1_468' title='bbox 1600 347 1639 384; x_wconf 90' lang='lat' dir='ltr'><strong>id</strong></span> <span class='ocrx_word' id='word_1_469' title='bbox 1668 360 1801 384; x_wconf 89' lang='lat' dir='ltr'><strong>eorum</strong></span> <span class='ocrx_word' id='word_1_470' title='bbox 1819 347 1936 385; x_wconf 85' lang='lat' dir='ltr'><strong>fidem</strong></span> <span class='ocrx_word' id='word_1_471' title='bbox 1966 347 2197 399; x_wconf 74' lang='lat' dir='ltr'><strong>imminuat,</strong></span> <span class='ocrx_word' id='word_1_472' title='bbox 2227 353 2320 403; x_wconf 81' lang='lat' dir='ltr'><strong>quin</strong></span> <span class='ocrx_word' id='word_1_473' title='bbox 2353 353 2478 404; x_wconf 69' lang='lat' dir='ltr'><strong>potius</strong></span> 
     </span>
     <span class='ocr_line' id='line_1_67' title="bbox 1367 398 2479 452; baseline 0.004 -16"><span class='ocrx_word' id='word_1_474' title='bbox 1367 400 1542 437; x_wconf 82' lang='lat' dir='ltr'><strong>eamdem</strong></span> <span class='ocrx_word' id='word_1_475' title='bbox 1570 398 1758 450; x_wconf 80' lang='lat' dir='ltr'><strong>majorem</strong></span> <span class='ocrx_word' id='word_1_476' title='bbox 1789 401 1827 437; x_wconf 88' lang='lat' dir='ltr'><strong>in</strong></span> <span class='ocrx_word' id='word_1_477' title='bbox 1855 401 2012 438; x_wconf 82' lang='lat' dir='ltr'><strong>modum</strong></span> <span class='ocrx_word' id='word_1_478' title='bbox 2043 403 2237 441; x_wconf 81' lang='lat' dir='ltr'><strong>confirmet</strong></span> <span class='ocrx_word' id='word_1_479' title='bbox 2255 434 2266 452; x_wconf 82' lang='lat'><strong>,</strong></span> <span class='ocrx_word' id='word_1_480' title='bbox 2304 404 2337 440; x_wconf 85' lang='lat'>&amp;</span> <span class='ocrx_word' id='word_1_481' title='bbox 2368 404 2479 441; x_wconf 83' lang='lat' dir='ltr'><strong>robo-</strong></span> 
     </span>
     <span class='ocr_line' id='line_1_68' title="bbox 1367 453 2476 505; baseline 0.005 -16"><span class='ocrx_word' id='word_1_482' title='bbox 1367 462 1448 490; x_wconf 88' lang='lat' dir='ltr'><strong>ret.</strong></span> <span class='ocrx_word' id='word_1_483' title='bbox 1486 453 1726 491; x_wconf 86' lang='lat' dir='ltr'><strong>Demonstrat</strong></span> <span class='ocrx_word' id='word_1_484' title='bbox 1756 454 1928 505; x_wconf 90' lang='lat' dir='ltr'><strong>quippe,</strong></span> <span class='ocrx_word' id='word_1_485' title='bbox 1958 454 2052 492; x_wconf 89' lang='lat' dir='ltr'><strong>adeo</strong></span> <span class='ocrx_word' id='word_1_486' title='bbox 2081 456 2128 492; x_wconf 86' lang='lat' dir='ltr'><strong>iis</strong></span> <span class='ocrx_word' id='word_1_487' title='bbox 2159 457 2272 494; x_wconf 81' lang='lat' dir='ltr'><strong>fuisse</strong></span> <span class='ocrx_word' id='word_1_488' title='bbox 2301 459 2346 496; x_wconf 92' lang='lat' dir='ltr'><strong>de</strong></span> <span class='ocrx_word' id='word_1_489' title='bbox 2376 459 2476 496; x_wconf 87' lang='lat' dir='ltr'><strong>veri-</strong></span> 
     </span>
     <span class='ocr_line' id='line_1_69' title="bbox 1364 505 2474 561; baseline 0.006 -19"><span class='ocrx_word' id='word_1_490' title='bbox 1364 513 1437 543; x_wconf 82' lang='lat' dir='ltr'><strong>tate</strong></span> <span class='ocrx_word' id='word_1_491' title='bbox 1466 505 1745 544; x_wconf 79' lang='lat' dir='ltr'><strong>miraculorum</strong></span> <span class='ocrx_word' id='word_1_492' title='bbox 1775 505 1921 544; x_wconf 85' lang='lat' dir='ltr'><strong>Christi·</strong></span> <span class='ocrx_word' id='word_1_493' title='bbox 1945 520 2194 559; x_wconf 83' lang='lat' dir='ltr'><strong>persuasum,</strong></span> <span class='ocrx_word' id='word_1_494' title='bbox 2238 517 2277 546; x_wconf 85' lang='lat' dir='ltr'><strong>ut</strong></span> <span class='ocrx_word' id='word_1_495' title='bbox 2305 510 2386 561; x_wconf 86' lang='lat' dir='ltr'><strong>ejus</strong></span> <span class='ocrx_word' id='word_1_496' title='bbox 2415 526 2474 549; x_wconf 84' lang='lat' dir='ltr'><strong>as-</strong></span> 
     </span>
     <span class='ocr_line' id='line_1_70' title="bbox 1363 558 2472 613; baseline 0.005 -17"><span class='ocrx_word' id='word_1_497' title='bbox 1363 558 1473 597; x_wconf 83' lang='lat' dir='ltr'><strong>seclae</strong></span> <span class='ocrx_word' id='word_1_498' title='bbox 1502 559 1588 597; x_wconf 83' lang='lat' dir='ltr'><strong>fieri</strong></span> <span class='ocrx_word' id='word_1_499' title='bbox 1618 558 1830 597; x_wconf 86' lang='lat' dir='ltr'><strong>voluerint:</strong></span> <span class='ocrx_word' id='word_1_500' title='bbox 1877 561 1956 596; x_wconf 82' lang='lat' dir='ltr'><strong>imo</strong></span> <span class='ocrx_word' id='word_1_501' title='bbox 1984 574 2053 598; x_wconf 88' lang='lat' dir='ltr'><strong>nec</strong></span> <span class='ocrx_word' id='word_1_502' title='bbox 2097 570 2223 613; x_wconf 81' lang='lat' dir='ltr'><strong>postea</strong></span> <span class='ocrx_word' id='word_1_503' title='bbox 2253 572 2472 602; x_wconf 82' lang='lat' dir='ltr'><strong>recusarunt</strong></span> 
     </span>
     <span class='ocr_line' id='line_1_71' title="bbox 1363 611 2473 664; baseline 0.005 -16"><span class='ocrx_word' id='word_1_504' title='bbox 1363 624 1432 663; x_wconf 88' lang='lat' dir='ltr'><strong>pro</strong></span> <span class='ocrx_word' id='word_1_505' title='bbox 1460 611 1541 663; x_wconf 86' lang='lat' dir='ltr'><strong>ejus</strong></span> <span class='ocrx_word' id='word_1_506' title='bbox 1571 611 1815 650; x_wconf 71' lang='lat' dir='ltr'><strong>sanffissimae</strong></span> <span class='ocrx_word' id='word_1_507' title='bbox 1845 613 2038 664; x_wconf 76' lang='lat' dir='ltr'><strong>religionis</strong></span> <span class='ocrx_word' id='word_1_508' title='bbox 2066 615 2280 652; x_wconf 83' lang='lat' dir='ltr'><strong>defensione</strong></span> <span class='ocrx_word' id='word_1_509' title='bbox 2308 616 2473 654; x_wconf 86' lang='lat' dir='ltr'><strong>acerbis-</strong></span> 
     </span>
     <span class='ocr_line' id='line_1_72' title="bbox 1362 665 2472 720; baseline 0.007 -20"><span class='ocrx_word' id='word_1_510' title='bbox 1362 666 1459 702; x_wconf 87' lang='lat' dir='ltr'><strong>sima</strong></span> <span class='ocrx_word' id='word_1_511' title='bbox 1488 665 1617 703; x_wconf 87' lang='lat' dir='ltr'><strong>subire</strong></span> <span class='ocrx_word' id='word_1_512' title='bbox 1638 665 1856 717; x_wconf 54' lang='lat' dir='ltr'><strong>supplicia}</strong></span> <span class='ocrx_word' id='word_1_513' title='bbox 1885 668 1987 717; x_wconf 90' lang='lat' dir='ltr'><strong>quod</strong></span> <span class='ocrx_word' id='word_1_514' title='bbox 2015 668 2198 706; x_wconf 86' lang='lat' dir='ltr'><strong>omnibus</strong></span> <span class='ocrx_word' id='word_1_515' title='bbox 2227 668 2306 705; x_wconf 79' lang='lat' dir='ltr'><strong>sere</strong></span> <span class='ocrx_word' id='word_1_516' title='bbox 2335 670 2472 720; x_wconf 85' lang='lat' dir='ltr'><strong>primis</strong></span> 
     </span>
     <span class='ocr_line' id='line_1_73' title="bbox 1360 719 2195 770; baseline 0.005 -15"><span class='ocrx_word' id='word_1_517' title='bbox 1360 727 1496 756; x_wconf 77' lang='lat' dir='ltr'><strong>nostrae</strong></span> <span class='ocrx_word' id='word_1_518' title='bbox 1528 719 1722 769; x_wconf 67' lang='lat' dir='ltr'><strong>religionis</strong></span> <span class='ocrx_word' id='word_1_519' title='bbox 1751 720 2001 770; x_wconf 84' lang='lat' dir='ltr'><strong>scriptoribus</strong></span> <span class='ocrx_word' id='word_1_520' title='bbox 2029 721 2195 759; x_wconf 84' lang='lat' dir='ltr'><strong>accidit.</strong></span> 
     </span>
    </p>

    <p class='ocr_par' dir='ltr' id='par_1_10' title="bbox 1357 771 2478 1727">
     <span class='ocr_line' id='line_1_74' title="bbox 1417 771 2471 824; baseline 0.003 -15"><span class='ocrx_word' id='word_1_521' title='bbox 1417 772 1507 817; x_wconf 75' lang='lat'><strong>248.</strong></span> <span class='ocrx_word' id='word_1_522' title='bbox 1539 771 1716 811; x_wconf 78' lang='lat' dir='ltr'><strong>Aliorum</strong></span> <span class='ocrx_word' id='word_1_523' title='bbox 1746 786 1834 810; x_wconf 84' lang='lat' dir='ltr'><strong>vero</strong></span> <span class='ocrx_word' id='word_1_524' title='bbox 1853 775 2081 824; x_wconf 87' lang='lat' dir='ltr'><strong>scriptorum</strong></span> <span class='ocrx_word' id='word_1_525' title='bbox 2102 774 2295 812; x_wconf 88' lang='lat' dir='ltr'><strong>silentium</strong></span> <span class='ocrx_word' id='word_1_526' title='bbox 2315 772 2471 812; x_wconf 88' lang='lat' dir='ltr'><strong>nullum</strong></span> 
     </span>
     <span class='ocr_line' id='line_1_75' title="bbox 1362 825 2474 880; baseline 0.004 -19"><span class='ocrx_word' id='word_1_527' title='bbox 1362 838 1485 862; x_wconf 75' lang='lat' dir='ltr'><strong>causae</strong></span> <span class='ocrx_word' id='word_1_528' title='bbox 1515 834 1650 863; x_wconf 74' lang='lat' dir='ltr'><strong>nostrae</strong></span> <span class='ocrx_word' id='word_1_529' title='bbox 1680 825 1954 877; x_wconf 60' lang='lat' dir='ltr'><strong>praejudicium</strong></span> <span class='ocrx_word' id='word_1_530' title='bbox 1991 825 2125 864; x_wconf 76' lang='lat' dir='ltr'><strong>affert.</strong></span> <span class='ocrx_word' id='word_1_531' title='bbox 2173 827 2337 876; x_wconf 82' lang='lat' dir='ltr'><strong>Primo,</strong></span> <span class='ocrx_word' id='word_1_532' title='bbox 2380 830 2474 880; x_wconf 77' lang='lat' dir='ltr'><strong>quia</strong></span> 
     </span>
     <span class='ocr_line' id='line_1_76' title="bbox 1361 880 2469 930; baseline 0.004 -15"><span class='ocrx_word' id='word_1_533' title='bbox 1361 888 1630 930; x_wconf 83' lang='lat' dir='ltr'><strong>argumentum</strong></span> <span class='ocrx_word' id='word_1_534' title='bbox 1661 888 1713 916; x_wconf 88' lang='lat' dir='ltr'><strong>est</strong></span> <span class='ocrx_word' id='word_1_535' title='bbox 1733 883 1964 930; x_wconf 66' lang='lat' dir='ltr'><strong>negativum</strong></span> <span class='ocrx_word' id='word_1_536' title='bbox 1982 909 1992 927; x_wconf 87' lang='lat'><strong>,</strong></span> <span class='ocrx_word' id='word_1_537' title='bbox 2022 880 2085 916; x_wconf 91' lang='lat' dir='ltr'><strong>cui</strong></span> <span class='ocrx_word' id='word_1_538' title='bbox 2115 881 2345 929; x_wconf 83' lang='lat' dir='ltr'><strong>opponimus</strong></span> <span class='ocrx_word' id='word_1_539' title='bbox 2375 882 2469 919; x_wconf 83' lang='lat' dir='ltr'><strong>alio-</strong></span> 
     </span>
     <span class='ocr_line' id='line_1_77' title="bbox 1360 932 2470 984; baseline 0.001 -16"><span class='ocrx_word' id='word_1_540' title='bbox 1360 943 1446 968; x_wconf 86' lang='lat' dir='ltr'><strong>rum</strong></span> <span class='ocrx_word' id='word_1_541' title='bbox 1475 933 1701 982; x_wconf 83' lang='lat' dir='ltr'><strong>scriptorum</strong></span> <span class='ocrx_word' id='word_1_542' title='bbox 1731 933 1875 971; x_wconf 87' lang='lat' dir='ltr'><strong>nubem</strong></span> <span class='ocrx_word' id='word_1_543' title='bbox 1893 962 1904 980; x_wconf 88' lang='lat'><strong>,</strong></span> <span class='ocrx_word' id='word_1_544' title='bbox 1934 945 2099 984; x_wconf 90' lang='lat' dir='ltr'><strong>quorum</strong></span> <span class='ocrx_word' id='word_1_545' title='bbox 2130 932 2224 970; x_wconf 82' lang='lat' dir='ltr'><strong>fides</strong></span> <span class='ocrx_word' id='word_1_546' title='bbox 2251 932 2360 969; x_wconf 83' lang='lat' dir='ltr'><strong>nullo</strong></span> <span class='ocrx_word' id='word_1_547' title='bbox 2388 947 2470 972; x_wconf 87' lang='lat' dir='ltr'><strong>mo-</strong></span> 
     </span>
     <span class='ocr_line' id='line_1_78' title="bbox 1360 985 2472 1037; baseline 0.003 -16"><span class='ocrx_word' id='word_1_548' title='bbox 1360 985 1407 1021; x_wconf 91' lang='lat' dir='ltr'><strong>do</strong></span> <span class='ocrx_word' id='word_1_549' title='bbox 1435 985 1605 1036; x_wconf 59' lang='lat' dir='ltr'><strong>suspet‘Ra</strong></span> <span class='ocrx_word' id='word_1_550' title='bbox 1620 999 1697 1023; x_wconf 89' lang='lat' dir='ltr'><strong>esse</strong></span> <span class='ocrx_word' id='word_1_551' title='bbox 1726 993 1869 1037; x_wconf 79' lang='lat' dir='ltr'><strong>potest3</strong></span> <span class='ocrx_word' id='word_1_552' title='bbox 1899 999 1989 1024; x_wconf 89' lang='lat' dir='ltr'><strong>cum</strong></span> <span class='ocrx_word' id='word_1_553' title='bbox 2004 999 2074 1024; x_wconf 85' lang='lat' dir='ltr'><strong>nec</strong></span> <span class='ocrx_word' id='word_1_554' title='bbox 2097 985 2222 1037; x_wconf 87' lang='lat' dir='ltr'><strong>decipi</strong></span> <span class='ocrx_word' id='word_1_555' title='bbox 2251 988 2472 1037; x_wconf 83' lang='lat' dir='ltr'><strong>potuerint,</strong></span> 
     </span>
     <span class='ocr_line' id='line_1_79' title="bbox 1360 1038 2472 1091; baseline 0.003 -17"><span class='ocrx_word' id='word_1_556' title='bbox 1360 1046 1430 1074; x_wconf 84' lang='lat' dir='ltr'><strong>nec‘</strong></span> <span class='ocrx_word' id='word_1_557' title='bbox 1459 1038 1538 1076; x_wconf 87' lang='lat' dir='ltr'><strong>ulla</strong></span> <span class='ocrx_word' id='word_1_558' title='bbox 1579 1047 1758 1091; x_wconf 78' lang='lat' dir='ltr'><strong>appareat</strong></span> <span class='ocrx_word' id='word_1_559' title='bbox 1799 1051 1940 1087; x_wconf 80' lang='lat' dir='ltr'><strong>causa,</strong></span> <span class='ocrx_word' id='word_1_560' title='bbox 1988 1047 2140 1091; x_wconf 88' lang='lat' dir='ltr'><strong>propter</strong></span> <span class='ocrx_word' id='word_1_561' title='bbox 2169 1053 2286 1091; x_wconf 82' lang='lat' dir='ltr'><strong>quam</strong></span> <span class='ocrx_word' id='word_1_562' title='bbox 2316 1040 2472 1078; x_wconf 84' lang='lat' dir='ltr'><strong>mentiri</strong></span> 
     </span>
     <span class='ocr_line' id='line_1_80' title="bbox 1363 1089 2472 1144; baseline 0.003 -17"><span class='ocrx_word' id='word_1_563' title='bbox 1363 1089 1579 1129; x_wconf 86' lang='lat' dir='ltr'><strong>voluerint.</strong></span> <span class='ocrx_word' id='word_1_564' title='bbox 1609 1091 1817 1138; x_wconf 75' lang='lat' dir='ltr'><strong>Secundo,</strong></span> <span class='ocrx_word' id='word_1_565' title='bbox 1846 1091 1938 1144; x_wconf 86' lang='lat' dir='ltr'><strong>quia</strong></span> <span class='ocrx_word' id='word_1_566' title='bbox 1968 1092 2088 1130; x_wconf 73' lang='lat' dir='ltr'><strong>facile⁰</strong></span> <span class='ocrx_word' id='word_1_567' title='bbox 2112 1091 2219 1130; x_wconf 88' lang='lat' dir='ltr'><strong>reddi</strong></span> <span class='ocrx_word' id='word_1_568' title='bbox 2251 1102 2369 1144; x_wconf 83' lang='lat' dir='ltr'><strong>potest</strong></span> <span class='ocrx_word' id='word_1_569' title='bbox 2399 1091 2472 1130; x_wconf 88' lang='lat' dir='ltr'><strong>hu-</strong></span> 
     </span>
     <span class='ocr_line' id='line_1_81' title="bbox 1363 1141 2474 1194; baseline 0.004 -14"><span class='ocrx_word' id='word_1_570' title='bbox 1363 1141 1424 1194; x_wconf 84' lang='lat' dir='ltr'><strong>jus</strong></span> <span class='ocrx_word' id='word_1_571' title='bbox 1454 1143 1593 1181; x_wconf 85' lang='lat' dir='ltr'><strong>silentii</strong></span> <span class='ocrx_word' id='word_1_572' title='bbox 1623 1146 1744 1183; x_wconf 71' lang='lat' dir='ltr'><strong>ratio.</strong></span> <span class='ocrx_word' id='word_1_573' title='bbox 1777 1145 1846 1182; x_wconf 82' lang='lat' dir='ltr'><strong>Vel</strong></span> <span class='ocrx_word' id='word_1_574' title='bbox 1864 1147 1965 1183; x_wconf 90' lang='lat' dir='ltr'><strong>enim</strong></span> <span class='ocrx_word' id='word_1_575' title='bbox 1995 1158 2038 1183; x_wconf 89' lang='lat' dir='ltr'><strong>ea</strong></span> <span class='ocrx_word' id='word_1_576' title='bbox 2053 1145 2243 1183; x_wconf 83' lang='lat' dir='ltr'><strong>miracula</strong></span> <span class='ocrx_word' id='word_1_577' title='bbox 2273 1145 2359 1184; x_wconf 79' lang='lat' dir='ltr'><strong>falsi</strong></span> <span class='ocrx_word' id='word_1_578' title='bbox 2380 1158 2474 1184; x_wconf 85' lang='lat' dir='ltr'><strong>con-</strong></span> 
     </span>
     <span class='ocr_line' id='line_1_82' title="bbox 1363 1196 2474 1250; baseline 0.004 -17"><span class='ocrx_word' id='word_1_579' title='bbox 1363 1198 1516 1233; x_wconf 85' lang='lat' dir='ltr'><strong>vincere</strong></span> <span class='ocrx_word' id='word_1_580' title='bbox 1544 1196 1762 1248; x_wconf 86' lang='lat' dir='ltr'><strong>oportebat,</strong></span> <span class='ocrx_word' id='word_1_581' title='bbox 1809 1198 1869 1235; x_wconf 83' lang='lat' dir='ltr'><strong>vel</strong></span> <span class='ocrx_word' id='word_1_582' title='bbox 1899 1212 1942 1236; x_wconf 88' lang='lat' dir='ltr'><strong>ea</strong></span> <span class='ocrx_word' id='word_1_583' title='bbox 1971 1211 2037 1236; x_wconf 89' lang='lat' dir='ltr'><strong>suo</strong></span> <span class='ocrx_word' id='word_1_584' title='bbox 2065 1197 2247 1249; x_wconf 82' lang='lat' dir='ltr'><strong>suffragio</strong></span> <span class='ocrx_word' id='word_1_585' title='bbox 2275 1198 2440 1250; x_wconf 85' lang='lat' dir='ltr'><strong>probare</strong></span> <span class='ocrx_word' id='word_1_586' title='bbox 2460 1225 2474 1237; x_wconf 89' lang='grc'><strong>.</strong></span> 
     </span>
     <span class='ocr_line' id='line_1_83' title="bbox 1363 1247 2474 1302; baseline 0.005 -18"><span class='ocrx_word' id='word_1_587' title='bbox 1363 1247 1536 1285; x_wconf 87' lang='lat' dir='ltr'><strong>Primum</strong></span> <span class='ocrx_word' id='word_1_588' title='bbox 1565 1256 1644 1286; x_wconf 86' lang='lat' dir='ltr'><strong>erat</strong></span> <span class='ocrx_word' id='word_1_589' title='bbox 1661 1249 1924 1301; x_wconf 84' lang='lat' dir='ltr'><strong>impossibile,</strong></span> <span class='ocrx_word' id='word_1_590' title='bbox 1955 1250 2116 1288; x_wconf 82' lang='lat' dir='ltr'><strong>alterum</strong></span> <span class='ocrx_word' id='word_1_591' title='bbox 2139 1264 2225 1289; x_wconf 89' lang='lat' dir='ltr'><strong>vere</strong></span> <span class='ocrx_word' id='word_1_592' title='bbox 2242 1251 2474 1302; x_wconf 80' lang='lat' dir='ltr'><strong>probrosum</strong></span> 
     </span>
     <span class='ocr_line' id='line_1_84' title="bbox 1358 1301 2471 1350; baseline 0.004 -11"><span class='ocrx_word' id='word_1_593' title='bbox 1358 1302 1406 1339; x_wconf 86' lang='lat' dir='ltr'><strong>iis</strong></span> <span class='ocrx_word' id='word_1_594' title='bbox 1449 1301 1677 1350; x_wconf 84' lang='lat' dir='ltr'><strong>videbatur,</strong></span> <span class='ocrx_word' id='word_1_595' title='bbox 1725 1303 1757 1339; x_wconf 87' lang='lat' dir='ltr'><strong>si</strong></span> <span class='ocrx_word' id='word_1_596' title='bbox 1786 1305 1983 1341; x_wconf 86' lang='lat' dir='ltr'><strong>veritatem</strong></span> <span class='ocrx_word' id='word_1_597' title='bbox 2019 1303 2299 1341; x_wconf 84' lang='lat' dir='ltr'><strong>miraculorum</strong></span> <span class='ocrx_word' id='word_1_598' title='bbox 2328 1304 2471 1343; x_wconf 81' lang='lat' dir='ltr'><strong>Christi</strong></span> 
     </span>
     <span class='ocr_line' id='line_1_85' title="bbox 1357 1353 2473 1408; baseline 0.004 -17"><span class='ocrx_word' id='word_1_599' title='bbox 1357 1353 1600 1402; x_wconf 83' lang='lat' dir='ltr'><strong>confitentes,</strong></span> <span class='ocrx_word' id='word_1_600' title='bbox 1629 1368 1703 1393; x_wconf 86' lang='lat' dir='ltr'><strong>non</strong></span> <span class='ocrx_word' id='word_1_601' title='bbox 1732 1355 1846 1392; x_wconf 87' lang='lat' dir='ltr'><strong>etiam</strong></span> <span class='ocrx_word' id='word_1_602' title='bbox 1876 1356 1994 1407; x_wconf 85' lang='lat' dir='ltr'><strong>ipsius</strong></span> <span class='ocrx_word' id='word_1_603' title='bbox 2010 1355 2234 1406; x_wconf 86' lang='lat' dir='ltr'><strong>religionem</strong></span> <span class='ocrx_word' id='word_1_604' title='bbox 2264 1355 2473 1408; x_wconf 64' lang='lat' dir='ltr'><strong>amplefflt-</strong></span> 
     </span>
     <span class='ocr_line' id='line_1_86' title="bbox 1358 1407 2475 1460; baseline 0.003 -16"><span class='ocrx_word' id='word_1_605' title='bbox 1358 1416 1515 1445; x_wconf 85' lang='lat' dir='ltr'><strong>rentur.</strong></span> <span class='ocrx_word' id='word_1_606' title='bbox 1543 1407 1750 1460; x_wconf 85' lang='lat' dir='ltr'><strong>Josephum</strong></span> <span class='ocrx_word' id='word_1_607' title='bbox 1771 1416 1898 1445; x_wconf 85' lang='lat' dir='ltr'><strong>tamen</strong></span> <span class='ocrx_word' id='word_1_608' title='bbox 1927 1408 2089 1445; x_wconf 89' lang='lat' dir='ltr'><strong>minime</strong></span> <span class='ocrx_word' id='word_1_609' title='bbox 2117 1407 2262 1445; x_wconf 81' lang='lat' dir='ltr'><strong>siluisse</strong></span> <span class='ocrx_word' id='word_1_610' title='bbox 2280 1437 2290 1456; x_wconf 89' lang='lat'><strong>,</strong></span> <span class='ocrx_word' id='word_1_611' title='bbox 2319 1419 2475 1447; x_wconf 85' lang='lat' dir='ltr'><strong>conten-</strong></span> 
     </span>
     <span class='ocr_line' id='line_1_87' title="bbox 1358 1459 2478 1510; baseline 0.002 -12"><span class='ocrx_word' id='word_1_612' title='bbox 1358 1461 1450 1498; x_wconf 87' lang='lat' dir='ltr'><strong>dunt</strong></span> <span class='ocrx_word' id='word_1_613' title='bbox 1466 1461 1600 1498; x_wconf 90' lang='lat' dir='ltr'><strong>Critici</strong></span> <span class='ocrx_word' id='word_1_614' title='bbox 1615 1461 1711 1499; x_wconf 88' lang='lat' dir='ltr'><strong>bene</strong></span> <span class='ocrx_word' id='word_1_615' title='bbox 1728 1460 1840 1499; x_wconf 87' lang='lat' dir='ltr'><strong>multi</strong></span> <span class='ocrx_word' id='word_1_616' title='bbox 1858 1491 1869 1509; x_wconf 95' lang='lat'><strong>,</strong></span> <span class='ocrx_word' id='word_1_617' title='bbox 1899 1460 2049 1498; x_wconf 88' lang='lat' dir='ltr'><strong>celebre</strong></span> <span class='ocrx_word' id='word_1_618' title='bbox 2066 1459 2170 1499; x_wconf 89' lang='lat' dir='ltr'><strong>illius</strong></span> <span class='ocrx_word' id='word_1_619' title='bbox 2191 1462 2445 1500; x_wconf 86' lang='lat' dir='ltr'><strong>testimonium</strong></span> <span class='ocrx_word' id='word_1_620' title='bbox 2463 1492 2478 1510; x_wconf 80' lang='grc'><strong>,</strong></span> 
     </span>
     <span class='ocr_line' id='line_1_88' title="bbox 1357 1512 2475 1567; baseline 0.003 -17"><span class='ocrx_word' id='word_1_621' title='bbox 1357 1514 1462 1566; x_wconf 87' lang='lat' dir='ltr'><strong>qnod</strong></span> <span class='ocrx_word' id='word_1_622' title='bbox 1489 1512 1628 1565; x_wconf 84' lang='lat' dir='ltr'><strong>legitur</strong></span> <span class='ocrx_word' id='word_1_623' title='bbox 1655 1515 1703 1553; x_wconf 87' lang='lat' dir='ltr'><strong>L.</strong></span> <span class='ocrx_word' id='word_1_624' title='bbox 1725 1513 1870 1552; x_wconf 89' lang='lat' dir='ltr'>XVIII.</span> <span class='ocrx_word' id='word_1_625' title='bbox 1904 1515 2035 1565; x_wconf 67' lang='lat' dir='ltr'><strong>Antio.</strong></span> <span class='ocrx_word' id='word_1_626' title='bbox 2066 1512 2222 1552; x_wconf 71' lang='lat' dir='ltr'><strong>Judaic.</strong></span> <span class='ocrx_word' id='word_1_627' title='bbox 2253 1528 2339 1567; x_wconf 87' lang='lat' dir='ltr'><strong>cap.</strong></span> <span class='ocrx_word' id='word_1_628' title='bbox 2360 1514 2400 1561; x_wconf 67' lang='grc'><strong>4.</strong></span> <span class='ocrx_word' id='word_1_629' title='bbox 2431 1523 2475 1553; x_wconf 87' lang='lat' dir='ltr'><strong>ut</strong></span> 
     </span>
     <span class='ocr_line' id='line_1_89' title="bbox 1358 1567 2474 1618; baseline 0.004 -15"><span class='ocrx_word' id='word_1_630' title='bbox 1358 1567 1566 1618; x_wconf 82' lang='lat' dir='ltr'><strong>genuinum</strong></span> <span class='ocrx_word' id='word_1_631' title='bbox 1588 1568 1825 1607; x_wconf 84' lang='lat' dir='ltr'><strong>vindicantes</strong></span> <span class='ocrx_word' id='word_1_632' title='bbox 1842 1594 1852 1606; x_wconf 90' lang='lat'><strong>.</strong></span> <span class='ocrx_word' id='word_1_633' title='bbox 1882 1567 2123 1606; x_wconf 83' lang='lat' dir='ltr'><strong>Miraculum</strong></span> <span class='ocrx_word' id='word_1_634' title='bbox 2151 1568 2268 1606; x_wconf 90' lang='lat' dir='ltr'><strong>etiam</strong></span> <span class='ocrx_word' id='word_1_635' title='bbox 2297 1568 2474 1607; x_wconf 83' lang='lat' dir='ltr'><strong>tenebra-</strong></span> 
     </span>
     <span class='ocr_line' id='line_1_90' title="bbox 1359 1620 2474 1673; baseline 0.003 -16"><span class='ocrx_word' id='word_1_636' title='bbox 1359 1633 1475 1669; x_wconf 87' lang='lat' dir='ltr'><strong>rum,</strong></span> <span class='ocrx_word' id='word_1_637' title='bbox 1505 1635 1592 1673; x_wconf 86' lang='lat' dir='ltr'><strong>quae</strong></span> <span class='ocrx_word' id='word_1_638' title='bbox 1621 1622 1661 1660; x_wconf 88' lang='lat' dir='ltr'><strong>in</strong></span> <span class='ocrx_word' id='word_1_639' title='bbox 1689 1621 1829 1660; x_wconf 88' lang='lat' dir='ltr'><strong>Christi</strong></span> <span class='ocrx_word' id='word_1_640' title='bbox 1859 1631 1980 1660; x_wconf 86' lang='lat' dir='ltr'><strong>morte</strong></span> <span class='ocrx_word' id='word_1_641' title='bbox 2010 1620 2120 1660; x_wconf 64' lang='lat' dir='ltr'><strong>fattae</strong></span> <span class='ocrx_word' id='word_1_642' title='bbox 2150 1630 2263 1670; x_wconf 89' lang='lat' dir='ltr'><strong>sunt,</strong></span> <span class='ocrx_word' id='word_1_643' title='bbox 2311 1637 2332 1659; x_wconf 85' lang='lat' dir='ltr'><strong>a</strong></span> <span class='ocrx_word' id='word_1_644' title='bbox 2361 1620 2474 1660; x_wconf 79' lang='lat' dir='ltr'><strong>Phle-</strong></span> 
     </span>
     <span class='ocr_line' id='line_1_91' title="bbox 1359 1673 2376 1727; baseline 0.001 -16"><span class='ocrx_word' id='word_1_645' title='bbox 1359 1683 1497 1724; x_wconf 85' lang='lat' dir='ltr'><strong>gonte,</strong></span> <span class='ocrx_word' id='word_1_646' title='bbox 1527 1674 1577 1713; x_wconf 91' lang='lat' dir='ltr'><strong>ab</strong></span> <span class='ocrx_word' id='word_1_647' title='bbox 1606 1673 1693 1713; x_wconf 86' lang='lat' dir='ltr'><strong>aliis</strong></span> <span class='ocrx_word' id='word_1_648' title='bbox 1722 1685 2062 1713; x_wconf 82' lang='lat' dir='ltr'><strong>commemoratum</strong></span> <span class='ocrx_word' id='word_1_649' title='bbox 2092 1676 2258 1713; x_wconf 86' lang='lat' dir='ltr'><strong>creditur</strong></span> <span class='ocrx_word' id='word_1_650' title='bbox 2288 1674 2345 1727; x_wconf 80' lang='lat' dir='ltr'><strong>(b)</strong></span> <span class='ocrx_word' id='word_1_651' title='bbox 2366 1701 2376 1712; x_wconf 89' lang='lat'><strong>.</strong></span> 
     </span>
    </p>

    <p class='ocr_par' dir='ltr' id='par_1_11' title="bbox 1359 1727 2483 2204">
     <span class='ocr_line' id='line_1_92' title="bbox 1416 1727 2475 1781; baseline 0.002 -17"><span class='ocrx_word' id='word_1_652' title='bbox 1416 1727 1506 1779; x_wconf 75' lang='lat'><strong>249.</strong></span> <span class='ocrx_word' id='word_1_653' title='bbox 1537 1728 1628 1766; x_wconf 91' lang='lat' dir='ltr'><strong>Inst.</strong></span> <span class='ocrx_word' id='word_1_654' title='bbox 1656 1727 1743 1767; x_wconf 91' lang='lat' dir='ltr'><strong>Non</strong></span> <span class='ocrx_word' id='word_1_655' title='bbox 1764 1737 1882 1781; x_wconf 85' lang='lat' dir='ltr'><strong>potest</strong></span> <span class='ocrx_word' id='word_1_656' title='bbox 1911 1730 2067 1781; x_wconf 83' lang='lat' dir='ltr'><strong>negari,</strong></span> <span class='ocrx_word' id='word_1_657' title='bbox 2097 1727 2307 1780; x_wconf 87' lang='lat' dir='ltr'><strong>plurimos,</strong></span> <span class='ocrx_word' id='word_1_658' title='bbox 2337 1728 2475 1781; x_wconf 79' lang='lat' dir='ltr'><strong>impri-</strong></span> 
     </span>
     <span class='ocr_line' id='line_1_93' title="bbox 1361 1781 2474 1832; baseline 0 -14"><span class='ocrx_word' id='word_1_659' title='bbox 1361 1781 1432 1818; x_wconf 87' lang='lat' dir='ltr'><strong>mis</strong></span> <span class='ocrx_word' id='word_1_660' title='bbox 1461 1789 1588 1819; x_wconf 89' lang='lat' dir='ltr'><strong>autem</strong></span> <span class='ocrx_word' id='word_1_661' title='bbox 1617 1782 1832 1832; x_wconf 86' lang='lat' dir='ltr'><strong>sapientes,</strong></span> <span class='ocrx_word' id='word_1_662' title='bbox 1861 1781 2036 1830; x_wconf 84' lang='lat' dir='ltr'><strong>nobiles,</strong></span> <span class='ocrx_word' id='word_1_663' title='bbox 2073 1782 2209 1819; x_wconf 88' lang='lat' dir='ltr'><strong>divites</strong></span> <span class='ocrx_word' id='word_1_664' title='bbox 2228 1811 2238 1829; x_wconf 93' lang='lat'><strong>,</strong></span> <span class='ocrx_word' id='word_1_665' title='bbox 2269 1782 2386 1819; x_wconf 77' lang='lat' dir='ltr'><strong>fuisse</strong></span> <span class='ocrx_word' id='word_1_666' title='bbox 2416 1794 2474 1818; x_wconf 87' lang='lat' dir='ltr'><strong>re-</strong></span> 
     </span>
     <span class='ocr_line' id='line_1_94' title="bbox 1360 1832 2483 1885; baseline 0.002 -15"><span class='ocrx_word' id='word_1_667' title='bbox 1360 1832 1494 1885; x_wconf 85' lang='lat' dir='ltr'><strong>ligioni</strong></span> <span class='ocrx_word' id='word_1_668' title='bbox 1522 1833 1750 1872; x_wconf 85' lang='lat' dir='ltr'><strong>Christianae</strong></span> <span class='ocrx_word' id='word_1_669' title='bbox 1780 1836 2013 1879; x_wconf 87' lang='lat' dir='ltr'><strong>contrarios;</strong></span> <span class='ocrx_word' id='word_1_670' title='bbox 2057 1832 2143 1872; x_wconf 65' lang='lat' dir='ltr'><strong>Afi.</strong></span> <span class='ocrx_word' id='word_1_671' title='bbox 2173 1836 2274 1872; x_wconf 86' lang='lat' dir='ltr'><strong>enim</strong></span> <span class='ocrx_word' id='word_1_672' title='bbox 2305 1832 2483 1873; x_wconf 79' lang='lat' dir='ltr'><strong>XXVII.</strong></span> 
     </span>
     <span class='ocr_line' id='line_1_95' title="bbox 1362 1885 2477 1938; baseline 0 -14"><span class='ocrx_word' id='word_1_673' title='bbox 1362 1899 1427 1925; x_wconf 73' lang='lat'><strong>22·</strong></span> <span class='ocrx_word' id='word_1_674' title='bbox 1456 1887 1636 1927; x_wconf 88' lang='lat' dir='ltr'><strong>dicebant</strong></span> <span class='ocrx_word' id='word_1_675' title='bbox 1664 1886 1792 1926; x_wconf 81' lang='lat' dir='ltr'><strong>Judaei</strong></span> <span class='ocrx_word' id='word_1_676' title='bbox 1812 1885 1953 1927; x_wconf 86' lang='lat' dir='ltr'><strong>Paulo:</strong></span> <span class='ocrx_word' id='word_1_677' title='bbox 1982 1886 2047 1926; x_wconf 86' lang='lat' dir='ltr'><strong>De</strong></span> <span class='ocrx_word' id='word_1_678' title='bbox 2074 1885 2184 1927; x_wconf 64' lang='lat' dir='ltr'><strong>secla</strong></span> <span class='ocrx_word' id='word_1_679' title='bbox 2213 1886 2288 1924; x_wconf 76' lang='lat' dir='ltr'><strong>hac</strong></span> <span class='ocrx_word' id='word_1_680' title='bbox 2318 1889 2334 1938; x_wconf 96' lang='lat'><strong>(</strong></span> <span class='ocrx_word' id='word_1_681' title='bbox 2362 1887 2477 1924; x_wconf 86' lang='lat' dir='ltr'><strong>Chri-</strong></span> 
     </span>
     <span class='ocr_line' id='line_1_96' title="bbox 1359 1938 2475 1993; baseline 0.001 -16"><span class='ocrx_word' id='word_1_682' title='bbox 1359 1941 1483 1978; x_wconf 84' lang='lat' dir='ltr'><strong>stiana</strong></span> <span class='ocrx_word' id='word_1_683' title='bbox 1512 1940 1528 1988; x_wconf 90' lang='lat'>)</span> <span class='ocrx_word' id='word_1_684' title='bbox 1558 1950 1697 1979; x_wconf 76' lang='lat' dir='ltr'><strong>notum</strong></span> <span class='ocrx_word' id='word_1_685' title='bbox 1725 1950 1812 1990; x_wconf 80' lang='lat' dir='ltr'><strong>est,</strong></span> <span class='ocrx_word' id='word_1_686' title='bbox 1854 1945 1948 1992; x_wconf 82' lang='lat' dir='ltr'><strong>quia</strong></span> <span class='ocrx_word' id='word_1_687' title='bbox 1989 1938 2135 1993; x_wconf 78' lang='lat' dir='ltr'><strong>ubique</strong></span> <span class='ocrx_word' id='word_1_688' title='bbox 2156 1944 2192 1978; x_wconf 82' lang='lat' dir='ltr'><strong>ei</strong></span> <span class='ocrx_word' id='word_1_689' title='bbox 2235 1939 2475 1978; x_wconf 71' lang='lat' dir='ltr'><strong>contradici-</strong></span> 
     </span>
     <span class='ocr_line' id='line_1_97' title="bbox 1360 1993 2477 2045; baseline 0.002 -17"><span class='ocrx_word' id='word_1_690' title='bbox 1360 2000 1448 2029; x_wconf 79' lang='lat' dir='ltr'><strong>tur.</strong></span> <span class='ocrx_word' id='word_1_691' title='bbox 1495 1993 1649 2031; x_wconf 87' lang='lat' dir='ltr'><strong>Certum</strong></span> <span class='ocrx_word' id='word_1_692' title='bbox 1680 1996 1823 2044; x_wconf 83' lang='lat' dir='ltr'><strong>pariter</strong></span> <span class='ocrx_word' id='word_1_693' title='bbox 1850 2003 1930 2041; x_wconf 85' lang='lat' dir='ltr'><strong>est,</strong></span> <span class='ocrx_word' id='word_1_694' title='bbox 1961 1993 2076 2044; x_wconf 87' lang='lat' dir='ltr'><strong>plura</strong></span> <span class='ocrx_word' id='word_1_695' title='bbox 2103 2006 2220 2045; x_wconf 83' lang='lat' dir='ltr'><strong>opera</strong></span> <span class='ocrx_word' id='word_1_696' title='bbox 2249 2002 2378 2031; x_wconf 83' lang='lat' dir='ltr'><strong>contra</strong></span> <span class='ocrx_word' id='word_1_697' title='bbox 2407 2006 2477 2030; x_wconf 81' lang='lat' dir='ltr'><strong>no-</strong></span> 
     </span>
     <span class='ocr_line' id='line_1_98' title="bbox 1361 2045 2477 2099; baseline 0.002 -18"><span class='ocrx_word' id='word_1_698' title='bbox 1361 2053 1479 2082; x_wconf 84' lang='lat' dir='ltr'><strong>stram</strong></span> <span class='ocrx_word' id='word_1_699' title='bbox 1495 2045 1717 2096; x_wconf 83' lang='lat' dir='ltr'><strong>religionem</strong></span> <span class='ocrx_word' id='word_1_700' title='bbox 1735 2047 1847 2083; x_wconf 83' lang='lat' dir='ltr'><strong>fuisse</strong></span> <span class='ocrx_word' id='word_1_701' title='bbox 1874 2045 1925 2083; x_wconf 81' lang='lat' dir='ltr'><strong>ab</strong></span> <span class='ocrx_word' id='word_1_702' title='bbox 1943 2045 2115 2084; x_wconf 83' lang='lat' dir='ltr'><strong>Ethnicis</strong></span> <span class='ocrx_word' id='word_1_703' title='bbox 2138 2045 2357 2097; x_wconf 79' lang='lat' dir='ltr'><strong>divulgata,</strong></span> <span class='ocrx_word' id='word_1_704' title='bbox 2385 2060 2477 2099; x_wconf 76' lang='lat' dir='ltr'><strong>quae</strong></span> 
     </span>
     <span class='ocr_line' id='line_1_99' title="bbox 1362 2097 2477 2152; baseline 0.003 -17"><span class='ocrx_word' id='word_1_705' title='bbox 1362 2099 1394 2137; x_wconf 83' lang='lat' dir='ltr'><strong>si</strong></span> <span class='ocrx_word' id='word_1_706' title='bbox 1423 2097 1581 2136; x_wconf 87' lang='lat' dir='ltr'><strong>fuissent</strong></span> <span class='ocrx_word' id='word_1_707' title='bbox 1600 2107 1818 2138; x_wconf 82' lang='lat' dir='ltr'><strong>conservata</strong></span> <span class='ocrx_word' id='word_1_708' title='bbox 1835 2128 1846 2146; x_wconf 92' lang='lat'><strong>,</strong></span> <span class='ocrx_word' id='word_1_709' title='bbox 1878 2097 1992 2137; x_wconf 74' lang='lat' dir='ltr'><strong>facile</strong></span> <span class='ocrx_word' id='word_1_710' title='bbox 2019 2108 2111 2137; x_wconf 86' lang='lat' dir='ltr'><strong>esset</strong></span> <span class='ocrx_word' id='word_1_711' title='bbox 2125 2098 2287 2148; x_wconf 88' lang='lat' dir='ltr'><strong>Christi,</strong></span> <span class='ocrx_word' id='word_1_712' title='bbox 2316 2098 2477 2152; x_wconf 86' lang='lat' dir='ltr'><strong>ejusque</strong></span> 
     </span>
     <span class='ocr_line' id='line_1_100' title="bbox 1363 2150 2383 2204; baseline 0.003 -16"><span class='ocrx_word' id='word_1_713' title='bbox 1363 2150 1644 2203; x_wconf 85' lang='lat' dir='ltr'><strong>discipulorum</strong></span> <span class='ocrx_word' id='word_1_714' title='bbox 1674 2151 1779 2189; x_wconf 90' lang='lat' dir='ltr'><strong>dolos</strong></span> <span class='ocrx_word' id='word_1_715' title='bbox 1796 2182 1807 2200; x_wconf 81' lang='lat'><strong>,</strong></span> <span class='ocrx_word' id='word_1_716' title='bbox 1836 2152 2065 2204; x_wconf 77' lang='lat' dir='ltr'><strong>fraudesque</strong></span> <span class='ocrx_word' id='word_1_717' title='bbox 2092 2152 2263 2204; x_wconf 86' lang='lat' dir='ltr'><strong>detegere</strong></span> <span class='ocrx_word' id='word_1_718' title='bbox 2293 2153 2351 2203; x_wconf 71' lang='lat' dir='ltr'><strong>(c)</strong></span> <span class='ocrx_word' id='word_1_719' title='bbox 2371 2179 2383 2191; x_wconf 95' lang='grc'><strong>.</strong></span> 
     </span>
    </p>

    <p class='ocr_par' dir='ltr' id='par_1_12' title="bbox 1361 2201 2479 2418">
     <span class='ocr_line' id='line_1_101' title="bbox 1419 2201 2477 2256; baseline 0.004 -16"><span class='ocrx_word' id='word_1_720' title='bbox 1419 2204 1511 2241; x_wconf 80' lang='lat'><strong>250,</strong></span> <span class='ocrx_word' id='word_1_721' title='bbox 1541 2201 1655 2256; x_wconf 83' lang='lat' dir='ltr'><strong>Resp.</strong></span> <span class='ocrx_word' id='word_1_722' title='bbox 1684 2205 1795 2243; x_wconf 87' lang='lat' dir='ltr'><strong>Hanc</strong></span> <span class='ocrx_word' id='word_1_723' title='bbox 1837 2204 2090 2245; x_wconf 79' lang='lat' dir='ltr'><strong>universalem</strong></span> <span class='ocrx_word' id='word_1_724' title='bbox 2140 2204 2477 2245; x_wconf 75' lang='lat' dir='ltr'><strong>contradifflonem</strong></span> 
     </span>
     <span class='ocr_line' id='line_1_102' title="bbox 1361 2254 2479 2311; baseline 0.002 -17"><span class='ocrx_word' id='word_1_725' title='bbox 1361 2254 1540 2307; x_wconf 86' lang='lat' dir='ltr'><strong>religioni</strong></span> <span class='ocrx_word' id='word_1_726' title='bbox 1554 2256 1791 2295; x_wconf 62' lang='lat' dir='ltr'><strong>Christiana</strong></span> <span class='ocrx_word' id='word_1_727' title='bbox 1807 2266 1930 2296; x_wconf 80' lang='lat' dir='ltr'><strong>ortam</strong></span> <span class='ocrx_word' id='word_1_728' title='bbox 1952 2258 2068 2296; x_wconf 86' lang='lat' dir='ltr'><strong>fuisse</strong></span> <span class='ocrx_word' id='word_1_729' title='bbox 2081 2272 2127 2297; x_wconf 86' lang='lat' dir='ltr'><strong>ex</strong></span> <span class='ocrx_word' id='word_1_730' title='bbox 2147 2258 2387 2311; x_wconf 78' lang='lat' dir='ltr'><strong>praejudiciis</strong></span> <span class='ocrx_word' id='word_1_731' title='bbox 2403 2289 2414 2307; x_wconf 83' lang='lat'><strong>,</strong></span> <span class='ocrx_word' id='word_1_732' title='bbox 2443 2258 2479 2296; x_wconf 71' lang='grc' dir='ltr'><strong>ὃς</strong></span> 
     </span>
     <span class='ocr_line' id='line_1_103' title="bbox 1362 2309 2477 2364; baseline 0.005 -19"><span class='ocrx_word' id='word_1_733' title='bbox 1362 2309 1556 2348; x_wconf 88' lang='lat' dir='ltr'><strong>erroribus</strong></span> <span class='ocrx_word' id='word_1_734' title='bbox 1569 2340 1580 2358; x_wconf 92' lang='lat'><strong>,</strong></span> <span class='ocrx_word' id='word_1_735' title='bbox 1600 2310 1742 2364; x_wconf 88' lang='lat' dir='ltr'><strong>quibus</strong></span> <span class='ocrx_word' id='word_1_736' title='bbox 1757 2319 1851 2349; x_wconf 88' lang='lat' dir='ltr'><strong>totus</strong></span> <span class='ocrx_word' id='word_1_737' title='bbox 1870 2311 2033 2349; x_wconf 88' lang='lat' dir='ltr'><strong>mundus</strong></span> <span class='ocrx_word' id='word_1_738' title='bbox 2049 2312 2266 2351; x_wconf 86' lang='lat' dir='ltr'><strong>tenebatur.</strong></span> <span class='ocrx_word' id='word_1_739' title='bbox 2286 2312 2364 2351; x_wconf 87' lang='lat' dir='ltr'><strong>Nec</strong></span> <span class='ocrx_word' id='word_1_740' title='bbox 2381 2313 2477 2351; x_wconf 81' lang='lat' dir='ltr'><strong>faci-</strong></span> 
     </span>
     <span class='ocr_line' id='line_1_104' title="bbox 1361 2360 2473 2418; baseline 0.004 -17"><span class='ocrx_word' id='word_1_741' title='bbox 1361 2360 1399 2402; x_wconf 88' lang='lat' dir='ltr'><strong>le</strong></span> <span class='ocrx_word' id='word_1_742' title='bbox 1414 2372 1494 2403; x_wconf 87' lang='lat' dir='ltr'><strong>erat</strong></span> <span class='ocrx_word' id='word_1_743' title='bbox 1508 2362 1732 2416; x_wconf 77' lang='lat' dir='ltr'><strong>hujusmodi</strong></span> <span class='ocrx_word' id='word_1_744' title='bbox 1751 2363 1996 2405; x_wconf 78' lang='lat' dir='ltr'><strong>obstaculum</strong></span> <span class='ocrx_word' id='word_1_745' title='bbox 2011 2377 2188 2418; x_wconf 83' lang='lat' dir='ltr'><strong>superare</strong></span> <span class='ocrx_word' id='word_1_746' title='bbox 2207 2379 2219 2413; x_wconf 68' lang='grc' dir='ltr'><strong><em>ς</em></strong></span> <span class='ocrx_word' id='word_1_747' title='bbox 2248 2366 2311 2405; x_wconf 81' lang='lat' dir='ltr'><strong>sed</strong></span> <span class='ocrx_word' id='word_1_748' title='bbox 2339 2366 2473 2406; x_wconf 77' lang='lat' dir='ltr'><strong>divina</strong></span> 
     </span>
    </p>

    <p class='ocr_par' dir='ltr' id='par_1_13' title="bbox 2337 2431 2417 2459">
     <span class='ocr_line' id='line_1_105' title="bbox 2337 2431 2417 2459; baseline -0.025 0"><span class='ocrx_word' id='word_1_749' title='bbox 2337 2431 2417 2459; x_wconf 76' lang='lat' dir='ltr'><strong>vir-</strong></span> 
     </span>
    </p>
   </div>
   <div class='ocr_carea' id='block_1_6' title="bbox 1355 2538 2475 3327">
    <p class='ocr_par' dir='ltr' id='par_1_14' title="bbox 1357 2538 2475 3039">
     <span class='ocr_line' id='line_1_106' title="bbox 1359 2538 2473 2588; baseline -0.002 -14"><span class='ocrx_word' id='word_1_750' title='bbox 1359 2540 1512 2575; x_wconf 84' lang='lat' dir='ltr'><strong>Arturus</strong></span> <span class='ocrx_word' id='word_1_751' title='bbox 1539 2540 1715 2576; x_wconf 84' lang='lat' dir='ltr'><strong>Sichesius</strong></span> <span class='ocrx_word' id='word_1_752' title='bbox 1741 2549 1858 2576; x_wconf 85' lang='lat' dir='ltr'><strong>autem</strong></span> <span class='ocrx_word' id='word_1_753' title='bbox 1884 2551 2071 2588; x_wconf 81' lang='lat' dir='ltr'><strong>negantem</strong></span> <span class='ocrx_word' id='word_1_754' title='bbox 2106 2541 2318 2576; x_wconf 83' lang='lat' dir='ltr'><strong>sententiam</strong></span> <span class='ocrx_word' id='word_1_755' title='bbox 2353 2538 2473 2573; x_wconf 84' lang='lat' dir='ltr'><strong>defen-</strong></span> 
     </span>
     <span class='ocr_line' id='line_1_107' title="bbox 1357 2586 2475 2633; baseline -0.002 -13"><span class='ocrx_word' id='word_1_756' title='bbox 1357 2586 1436 2628; x_wconf 86' lang='lat' dir='ltr'><strong>dit,</strong></span> <span class='ocrx_word' id='word_1_757' title='bbox 1461 2599 1568 2632; x_wconf 83' lang='lat' dir='ltr'><strong>quam</strong></span> <span class='ocrx_word' id='word_1_758' title='bbox 1595 2588 1685 2622; x_wconf 87' lang='lat' dir='ltr'><strong>tueri</strong></span> <span class='ocrx_word' id='word_1_759' title='bbox 1703 2599 1842 2633; x_wconf 83' lang='lat' dir='ltr'><strong>quoque.</strong></span> <span class='ocrx_word' id='word_1_760' title='bbox 1869 2599 2014 2624; x_wconf 83' lang='lat' dir='ltr'><strong>conatus</strong></span> <span class='ocrx_word' id='word_1_761' title='bbox 2032 2597 2084 2623; x_wconf 80' lang='lat' dir='ltr'><strong>est</strong></span> <span class='ocrx_word' id='word_1_762' title='bbox 2105 2590 2210 2622; x_wconf 85' lang='lat' dir='ltr'><strong>Laur.</strong></span> <span class='ocrx_word' id='word_1_763' title='bbox 2236 2586 2475 2620; x_wconf 79' lang='lat' dir='ltr'><strong>Moschernius</strong></span> 
     </span>
     <span class='ocr_line' id='line_1_108' title="bbox 1359 2632 2474 2680; baseline -0.003 -14"><span class='ocrx_word' id='word_1_764' title='bbox 1359 2634 1395 2666; x_wconf 91' lang='lat' dir='ltr'><strong>in</strong></span> <span class='ocrx_word' id='word_1_765' title='bbox 1422 2635 1514 2667; x_wconf 89' lang='lat' dir='ltr'><strong>notis</strong></span> <span class='ocrx_word' id='word_1_766' title='bbox 1542 2634 1583 2668; x_wconf 83' lang='lat' dir='ltr'><strong>ad</strong></span> <span class='ocrx_word' id='word_1_767' title='bbox 1611 2635 1830 2669; x_wconf 85' lang='lat' dir='ltr'><strong>ll.·Librum</strong></span> <span class='ocrx_word' id='word_1_768' title='bbox 1848 2637 2011 2680; x_wconf 86' lang='lat' dir='ltr'><strong>Origenis</strong></span> <span class='ocrx_word' id='word_1_769' title='bbox 2036 2642 2155 2667; x_wconf 77' lang='lat' dir='ltr'><strong>contra</strong></span> <span class='ocrx_word' id='word_1_770' title='bbox 2171 2634 2307 2666; x_wconf 79' lang='lat' dir='ltr'><strong>Celsum</strong></span> <span class='ocrx_word' id='word_1_771' title='bbox 2333 2644 2366 2676; x_wconf 91' lang='lat' dir='ltr'><strong>p.</strong></span> <span class='ocrx_word' id='word_1_772' title='bbox 2391 2632 2474 2675; x_wconf 80' lang='lat'><strong>198.</strong></span> 
     </span>
     <span class='ocr_line' id='line_1_109' title="bbox 1357 2678 2474 2725; baseline -0.004 -12"><span class='ocrx_word' id='word_1_773' title='bbox 1357 2679 1442 2713; x_wconf 86' lang='lat' dir='ltr'><strong>edit.</strong></span> <span class='ocrx_word' id='word_1_774' title='bbox 1468 2693 1524 2714; x_wconf 79' lang='lat' dir='ltr'><strong>an.</strong></span> <span class='ocrx_word' id='word_1_775' title='bbox 1548 2682 1650 2725; x_wconf 78' lang='lat'><em>1745.</em></span> <span class='ocrx_word' id='word_1_776' title='bbox 1676 2683 1876 2724; x_wconf 78' lang='lat' dir='ltr'><strong>germanico</strong></span> <span class='ocrx_word' id='word_1_777' title='bbox 1901 2681 2088 2714; x_wconf 78' lang='lat' dir='ltr'><strong>idiomate.</strong></span> <span class='ocrx_word' id='word_1_778' title='bbox 2127 2680 2245 2713; x_wconf 78' lang='lat' dir='ltr'><strong>Etiam</strong></span> <span class='ocrx_word' id='word_1_779' title='bbox 2272 2691 2291 2711; x_wconf 82' lang='lat' dir='ltr'><strong>a</strong></span> <span class='ocrx_word' id='word_1_780' title='bbox 2316 2678 2474 2711; x_wconf 81' lang='lat' dir='ltr'><strong>Sinensi-</strong></span> 
     </span>
     <span class='ocr_line' id='line_1_110' title="bbox 1357 2724 2471 2771; baseline -0.004 -11"><span class='ocrx_word' id='word_1_781' title='bbox 1357 2725 1423 2760; x_wconf 87' lang='lat' dir='ltr'><strong>bus</strong></span> <span class='ocrx_word' id='word_1_782' title='bbox 1450 2727 1557 2760; x_wconf 82' lang='lat' dir='ltr'><strong>fuisse</strong></span> <span class='ocrx_word' id='word_1_783' title='bbox 1571 2739 1647 2760; x_wconf 81' lang='lat' dir='ltr'><strong>eam</strong></span> <span class='ocrx_word' id='word_1_784' title='bbox 1665 2727 1826 2771; x_wconf 83' lang='lat' dir='ltr'><strong>eclipsim</strong></span> <span class='ocrx_word' id='word_1_785' title='bbox 1841 2728 2063 2760; x_wconf 81' lang='lat' dir='ltr'><strong>observatam</strong></span> <span class='ocrx_word' id='word_1_786' title='bbox 2081 2747 2093 2767; x_wconf 85' lang='lat'><strong>,</strong></span> <span class='ocrx_word' id='word_1_787' title='bbox 2119 2724 2373 2759; x_wconf 77' lang='lat' dir='ltr'><strong>contenderunt</strong></span> <span class='ocrx_word' id='word_1_788' title='bbox 2392 2731 2471 2768; x_wconf 84' lang='lat' dir='ltr'><strong>post:</strong></span> 
     </span>
     <span class='ocr_line' id='line_1_111' title="bbox 1359 2770 2473 2816; baseline -0.005 -9"><span class='ocrx_word' id='word_1_789' title='bbox 1359 2772 1556 2807; x_wconf 81' lang='lat' dir='ltr'><strong>Adrianum</strong></span> <span class='ocrx_word' id='word_1_790' title='bbox 1581 2773 1806 2806; x_wconf 86' lang='lat' dir='ltr'><strong>Greslonium</strong></span> <span class='ocrx_word' id='word_1_791' title='bbox 1831 2774 1866 2805; x_wconf 85' lang='lat' dir='ltr'><strong>in</strong></span> <span class='ocrx_word' id='word_1_792' title='bbox 1893 2773 1992 2806; x_wconf 82' lang='lat' dir='ltr'><strong>Hist.</strong></span> <span class='ocrx_word' id='word_1_793' title='bbox 2021 2773 2101 2805; x_wconf 81' lang='lat' dir='ltr'><strong>Sin.</strong></span> <span class='ocrx_word' id='word_1_794' title='bbox 2128 2773 2163 2805; x_wconf 91' lang='lat' dir='ltr'><strong>P.</strong></span> <span class='ocrx_word' id='word_1_795' title='bbox 2190 2772 2321 2816; x_wconf 88' lang='lat' dir='ltr'><strong>Couple</strong></span> <span class='ocrx_word' id='word_1_796' title='bbox 2340 2770 2473 2804; x_wconf 45' lang='lat' dir='ltr'><strong>Multa</strong></span> 
     </span>
     <span class='ocr_line' id='line_1_112' title="bbox 1358 2816 2471 2863; baseline -0.003 -12"><span class='ocrx_word' id='word_1_797' title='bbox 1358 2820 1432 2852; x_wconf 86' lang='lat' dir='ltr'><strong>rius</strong></span> <span class='ocrx_word' id='word_1_798' title='bbox 1447 2841 1457 2860; x_wconf 90' lang='lat'>‚</span> <span class='ocrx_word' id='word_1_799' title='bbox 1485 2823 1515 2852; x_wconf 75' lang='grc' dir='ltr'><strong>δι</strong></span> <span class='ocrx_word' id='word_1_800' title='bbox 1541 2821 1623 2853; x_wconf 78' lang='lat' dir='ltr'><strong>alii.</strong></span> <span class='ocrx_word' id='word_1_801' title='bbox 1651 2817 1718 2851; x_wconf 88' lang='lat' dir='ltr'><strong>Sed</strong></span> <span class='ocrx_word' id='word_1_802' title='bbox 1736 2830 1793 2852; x_wconf 90' lang='lat' dir='ltr'><strong>eos</strong></span> <span class='ocrx_word' id='word_1_803' title='bbox 1810 2821 1980 2853; x_wconf 82' lang='lat' dir='ltr'><strong>refutatos</strong></span> <span class='ocrx_word' id='word_1_804' title='bbox 2006 2818 2114 2852; x_wconf 86' lang='lat' dir='ltr'><strong>habes</strong></span> <span class='ocrx_word' id='word_1_805' title='bbox 2140 2831 2157 2851; x_wconf 81' lang='lat' dir='ltr'><strong>a</strong></span> <span class='ocrx_word' id='word_1_806' title='bbox 2176 2819 2310 2863; x_wconf 78' lang='lat' dir='ltr'><strong>Boyero</strong></span> <span class='ocrx_word' id='word_1_807' title='bbox 2334 2817 2370 2849; x_wconf 76' lang='lat' dir='ltr'><strong>in</strong></span> <span class='ocrx_word' id='word_1_808' title='bbox 2388 2816 2471 2850; x_wconf 87' lang='lat' dir='ltr'><strong>Dis-</strong></span> 
     </span>
     <span class='ocr_line' id='line_1_113' title="bbox 1360 2863 2470 2905; baseline -0.003 -7"><span class='ocrx_word' id='word_1_809' title='bbox 1360 2875 1444 2898; x_wconf 79' lang='lat' dir='ltr'><strong>sert.</strong></span> <span class='ocrx_word' id='word_1_810' title='bbox 1468 2866 1533 2899; x_wconf 81' lang='lat' dir='ltr'><strong>hac</strong></span> <span class='ocrx_word' id='word_1_811' title='bbox 1558 2865 1598 2898; x_wconf 89' lang='lat' dir='ltr'><strong>de</strong></span> <span class='ocrx_word' id='word_1_812' title='bbox 1626 2865 1800 2905; x_wconf 84' lang='lat' dir='ltr'><strong>materia,</strong></span> <span class='ocrx_word' id='word_1_813' title='bbox 1826 2864 1919 2899; x_wconf 82' lang='lat' dir='ltr'><strong>edita</strong></span> <span class='ocrx_word' id='word_1_814' title='bbox 1944 2878 1962 2898; x_wconf 87' lang='lat' dir='ltr'><strong>a</strong></span> <span class='ocrx_word' id='word_1_815' title='bbox 1988 2865 2135 2898; x_wconf 87' lang='lat' dir='ltr'><strong>Kirckio</strong></span> <span class='ocrx_word' id='word_1_816' title='bbox 2160 2863 2195 2898; x_wconf 84' lang='lat' dir='ltr'><strong>in</strong></span> <span class='ocrx_word' id='word_1_817' title='bbox 2222 2865 2470 2897; x_wconf 80' lang='lat' dir='ltr'><strong>Miscellaneis</strong></span> 
     </span>
     <span class='ocr_line' id='line_1_114' title="bbox 1359 2909 2470 2952; baseline -0.003 -8"><span class='ocrx_word' id='word_1_818' title='bbox 1359 2911 1666 2952; x_wconf 78' lang='lat' dir='ltr'><strong>Berolinensibus,</strong></span> <span class='ocrx_word' id='word_1_819' title='bbox 1692 2913 1724 2942; x_wconf 84' lang='lat'>&amp;</span> <span class='ocrx_word' id='word_1_820' title='bbox 1749 2923 1768 2944; x_wconf 77' lang='lat' dir='ltr'><strong>a</strong></span> <span class='ocrx_word' id='word_1_821' title='bbox 1795 2912 1831 2944; x_wconf 84' lang='lat' dir='ltr'><strong>P.</strong></span> <span class='ocrx_word' id='word_1_822' title='bbox 1857 2912 1995 2945; x_wconf 87' lang='lat' dir='ltr'><strong>Souciet</strong></span> <span class='ocrx_word' id='word_1_823' title='bbox 2022 2913 2056 2944; x_wconf 87' lang='lat' dir='ltr'><strong>in</strong></span> <span class='ocrx_word' id='word_1_824' title='bbox 2083 2912 2155 2945; x_wconf 91' lang='lat' dir='ltr'><strong>suis</strong></span> <span class='ocrx_word' id='word_1_825' title='bbox 2181 2913 2332 2945; x_wconf 84' lang='lat' dir='ltr'><strong>Dissert.</strong></span> <span class='ocrx_word' id='word_1_826' title='bbox 2357 2911 2402 2942; x_wconf 76' lang='lat' dir='ltr'><strong>cle</strong></span> <span class='ocrx_word' id='word_1_827' title='bbox 2416 2909 2470 2942; x_wconf 84' lang='lat' dir='ltr'><strong>A-</strong></span> 
     </span>
     <span class='ocr_line' id='line_1_115' title="bbox 1360 2955 2468 2993; baseline -0.003 -2"><span class='ocrx_word' id='word_1_828' title='bbox 1360 2963 1547 2992; x_wconf 78' lang='lat' dir='ltr'><strong>stronomia</strong></span> <span class='ocrx_word' id='word_1_829' title='bbox 1565 2961 1780 2993; x_wconf 74' lang='lat' dir='ltr'><strong>sinensium.</strong></span> <span class='ocrx_word' id='word_1_830' title='bbox 1809 2957 2054 2993; x_wconf 80' lang='lat' dir='ltr'><strong>Vid.1)issert.</strong></span> <span class='ocrx_word' id='word_1_831' title='bbox 2075 2959 2148 2992; x_wconf 76' lang='lat' dir='ltr'><strong>Pat.</strong></span> <span class='ocrx_word' id='word_1_832' title='bbox 2176 2958 2314 2992; x_wconf 79' lang='lat' dir='ltr'><strong>calmet</strong></span> <span class='ocrx_word' id='word_1_833' title='bbox 2340 2955 2396 2989; x_wconf 87' lang='lat' dir='ltr'><strong>De</strong></span> <span class='ocrx_word' id='word_1_834' title='bbox 2416 2963 2468 2988; x_wconf 82' lang='lat' dir='ltr'><strong>te·</strong></span> 
     </span>
     <span class='ocr_line' id='line_1_116' title="bbox 1357 3003 2061 3039; baseline -0.001 -1"><span class='ocrx_word' id='word_1_835' title='bbox 1357 3007 1474 3038; x_wconf 79' lang='lat' dir='ltr'><strong>nebris</strong></span> <span class='ocrx_word' id='word_1_836' title='bbox 1500 3010 1535 3038; x_wconf 87' lang='lat' dir='ltr'><strong>in</strong></span> <span class='ocrx_word' id='word_1_837' title='bbox 1558 3007 1651 3038; x_wconf 80' lang='lat' dir='ltr'><strong>obitu</strong></span> <span class='ocrx_word' id='word_1_838' title='bbox 1676 3003 1762 3037; x_wconf 81' lang='lat' dir='ltr'><strong>Jesu</strong></span> <span class='ocrx_word' id='word_1_839' title='bbox 1788 3004 1950 3039; x_wconf 69' lang='lat' dir='ltr'><strong>Christi.</strong></span> <span class='ocrx_word' id='word_1_840' title='bbox 2058 3003 2061 3005; x_wconf 58' lang='grc'><strong>’</strong></span> 
     </span>
    </p>

    <p class='ocr_par' dir='ltr' id='par_1_15' title="bbox 1355 3045 2469 3327">
     <span class='ocr_line' id='line_1_117' title="bbox 1408 3045 2469 3104; baseline -0.003 -20"><span class='ocrx_word' id='word_1_841' title='bbox 1408 3057 1457 3090; x_wconf 89' lang='lat' dir='ltr'><strong>(c)</strong></span> <span class='ocrx_word' id='word_1_842' title='bbox 1483 3052 1575 3084; x_wconf 85' lang='lat' dir='ltr'><strong>Inter</strong></span> <span class='ocrx_word' id='word_1_843' title='bbox 1597 3051 1682 3083; x_wconf 84' lang='lat' dir='ltr'><strong>alios</strong></span> <span class='ocrx_word' id='word_1_844' title='bbox 1706 3052 1861 3089; x_wconf 65' lang='lat' dir='ltr'><strong>emicuit,</strong></span> <span class='ocrx_word' id='word_1_845' title='bbox 1877 3045 2095 3104; x_wconf 73' lang='lat' dir='ltr'><strong>Porphyrius</strong></span> <span class='ocrx_word' id='word_1_846' title='bbox 2111 3073 2123 3092; x_wconf 90' lang='lat'>‚</span> <span class='ocrx_word' id='word_1_847' title='bbox 2163 3050 2266 3095; x_wconf 83' lang='lat' dir='ltr'><strong>cnjus</strong></span> <span class='ocrx_word' id='word_1_848' title='bbox 2300 3059 2403 3094; x_wconf 78' lang='lat' dir='ltr'><strong>opera</strong></span> <span class='ocrx_word' id='word_1_849' title='bbox 2429 3045 2469 3079; x_wconf 76' lang='lat' dir='ltr'><strong>in</strong></span> 
     </span>
     <span class='ocr_line' id='line_1_118' title="bbox 1357 3092 2465 3144; baseline -0.005 -14"><span class='ocrx_word' id='word_1_850' title='bbox 1357 3097 1439 3131; x_wconf 87' lang='lat' dir='ltr'><strong>XV.</strong></span> <span class='ocrx_word' id='word_1_851' title='bbox 1465 3098 1573 3131; x_wconf 78' lang='lat' dir='ltr'><strong>libros</strong></span> <span class='ocrx_word' id='word_1_852' title='bbox 1597 3096 1735 3137; x_wconf 77' lang='lat' dir='ltr'><strong>divisa,</strong></span> <span class='ocrx_word' id='word_1_853' title='bbox 1777 3105 1863 3131; x_wconf 83' lang='lat' dir='ltr'><strong>teste</strong></span> <span class='ocrx_word' id='word_1_854' title='bbox 1890 3101 1924 3132; x_wconf 87' lang='lat' dir='ltr'><strong>S.</strong></span> <span class='ocrx_word' id='word_1_855' title='bbox 1951 3100 2122 3144; x_wconf 86' lang='lat' dir='ltr'><strong>Gregorio</strong></span> <span class='ocrx_word' id='word_1_856' title='bbox 2145 3098 2314 3132; x_wconf 75' lang='lat' dir='ltr'><strong>Nazianz.</strong></span> <span class='ocrx_word' id='word_1_857' title='bbox 2340 3094 2376 3126; x_wconf 88' lang='lat' dir='ltr'><strong>in</strong></span> <span class='ocrx_word' id='word_1_858' title='bbox 2403 3092 2465 3125; x_wconf 87' lang='lat' dir='ltr'><strong>lv.</strong></span> 
     </span>
     <span class='ocr_line' id='line_1_119' title="bbox 1355 3141 2466 3184; baseline -0.005 -7"><span class='ocrx_word' id='word_1_859' title='bbox 1355 3146 1456 3177; x_wconf 83' lang='lat' dir='ltr'><strong>Orat.</strong></span> <span class='ocrx_word' id='word_1_860' title='bbox 1482 3152 1601 3177; x_wconf 80' lang='lat' dir='ltr'><strong>contra</strong></span> <span class='ocrx_word' id='word_1_861' title='bbox 1618 3142 1811 3184; x_wconf 76' lang='lat' dir='ltr'><strong>Jalianum,</strong></span> <span class='ocrx_word' id='word_1_862' title='bbox 1837 3158 1855 3178; x_wconf 88' lang='lat' dir='ltr'><strong>a</strong></span> <span class='ocrx_word' id='word_1_863' title='bbox 1875 3145 2076 3179; x_wconf 83' lang='lat' dir='ltr'><strong>Gentilibus</strong></span> <span class='ocrx_word' id='word_1_864' title='bbox 2093 3144 2201 3178; x_wconf 82' lang='lat' dir='ltr'><strong>veluti</strong></span> <span class='ocrx_word' id='word_1_865' title='bbox 2227 3141 2347 3174; x_wconf 78' lang='lat' dir='ltr'><strong>divina</strong></span> <span class='ocrx_word' id='word_1_866' title='bbox 2372 3150 2466 3184; x_wconf 58' lang='lat' dir='ltr'><strong>prze-</strong></span> 
     </span>
     <span class='ocr_line' id='line_1_120' title="bbox 1355 3188 2462 3238; baseline -0.003 -15"><span class='ocrx_word' id='word_1_867' title='bbox 1355 3188 1585 3224; x_wconf 80' lang='lat' dir='ltr'><strong>dicabant&#39;ur.</strong></span> <span class='ocrx_word' id='word_1_868' title='bbox 1612 3190 1679 3223; x_wconf 84' lang='lat' dir='ltr'><strong>Iste</strong></span> <span class='ocrx_word' id='word_1_869' title='bbox 1705 3200 1821 3224; x_wconf 82' lang='lat' dir='ltr'><strong>autem</strong></span> <span class='ocrx_word' id='word_1_870' title='bbox 1848 3192 2077 3236; x_wconf 85' lang='lat' dir='ltr'><strong>Philosophus</strong></span> <span class='ocrx_word' id='word_1_871' title='bbox 2105 3200 2176 3224; x_wconf 81' lang='lat' dir='ltr'><strong>tam</strong></span> <span class='ocrx_word' id='word_1_872' title='bbox 2202 3197 2328 3228; x_wconf 87' lang='lat' dir='ltr'><strong>vetus,</strong></span> <span class='ocrx_word' id='word_1_873' title='bbox 2354 3197 2462 3238; x_wconf 65' lang='lat' dir='ltr'><strong>quarn</strong></span> 
     </span>
     <span class='ocr_line' id='line_1_121' title="bbox 1357 3233 2466 3279; baseline -0.002 -10"><span class='ocrx_word' id='word_1_874' title='bbox 1357 3248 1486 3270; x_wconf 87' lang='lat' dir='ltr'><strong>novum</strong></span> <span class='ocrx_word' id='word_1_875' title='bbox 1513 3244 1760 3270; x_wconf 81' lang='lat' dir='ltr'><strong>testamentum</strong></span> <span class='ocrx_word' id='word_1_876' title='bbox 1779 3248 1935 3271; x_wconf 85' lang='lat' dir='ltr'><strong>evertere</strong></span> <span class='ocrx_word' id='word_1_877' title='bbox 1954 3238 2145 3272; x_wconf 81' lang='lat' dir='ltr'><strong>conabatur</strong></span> <span class='ocrx_word' id='word_1_878' title='bbox 2162 3258 2170 3266; x_wconf 91' lang='lat'><strong>.</strong></span> <span class='ocrx_word' id='word_1_879' title='bbox 2195 3233 2383 3279; x_wconf 81' lang='lat' dir='ltr'><strong>Porphyrii</strong></span> <span class='ocrx_word' id='word_1_880' title='bbox 2409 3243 2466 3263; x_wconf 74' lang='lat' dir='ltr'><strong>V!-</strong></span> 
     </span>
     <span class='ocr_line' id='line_1_122' title="bbox 1358 3277 2459 3327; baseline 0 -12"><span class='ocrx_word' id='word_1_881' title='bbox 1358 3290 1430 3315; x_wconf 81' lang='lat' dir='ltr'><strong>tam</strong></span> <span class='ocrx_word' id='word_1_882' title='bbox 1455 3281 1563 3315; x_wconf 70' lang='lat' dir='ltr'><strong>edidit</strong></span> <span class='ocrx_word' id='word_1_883' title='bbox 1590 3283 1700 3315; x_wconf 80' lang='lat' dir='ltr'><strong>Lucas</strong></span> <span class='ocrx_word' id='word_1_884' title='bbox 1729 3284 1954 3325; x_wconf 84' lang='lat' dir='ltr'><strong>Holstenius,</strong></span> <span class='ocrx_word' id='word_1_885' title='bbox 1996 3287 2028 3316; x_wconf 74' lang='grc' dir='ltr'><strong>δι</strong></span> <span class='ocrx_word' id='word_1_886' title='bbox 2067 3289 2201 3327; x_wconf 75' lang='lat' dir='ltr'><strong>prostat</strong></span> <span class='ocrx_word' id='word_1_887' title='bbox 2231 3282 2265 3314; x_wconf 86' lang='lat' dir='ltr'><strong>in</strong></span> <span class='ocrx_word' id='word_1_888' title='bbox 2291 3277 2459 3313; x_wconf 82' lang='lat' dir='ltr'><strong>Biblioth-</strong></span> 
     </span>
    </p>
   </div>
   <div class='ocr_carea' id='block_1_7' title="bbox 1357 3324 2464 3374">
    <p class='ocr_par' dir='ltr' id='par_1_16' title="bbox 1357 3324 2464 3374">
     <span class='ocr_line' id='line_1_123' title="bbox 1357 3324 2464 3374; baseline 0.005 -11"><span class='ocrx_word' id='word_1_889' title='bbox 1357 3341 1470 3374; x_wconf 77' lang='lat' dir='ltr'><strong>graecae</strong></span> <span class='ocrx_word' id='word_1_890' title='bbox 1494 3329 1548 3364; x_wconf 86' lang='lat' dir='ltr'><strong>Jo.</strong></span> <span class='ocrx_word' id='word_1_891' title='bbox 1571 3328 1653 3364; x_wconf 85' lang='lat' dir='ltr'><strong>Alb·</strong></span> <span class='ocrx_word' id='word_1_892' title='bbox 1681 3329 1834 3366; x_wconf 80' lang='lat' dir='ltr'><strong>Fabricii</strong></span> <span class='ocrx_word' id='word_1_893' title='bbox 1861 3331 1905 3366; x_wconf 82' lang='grc' dir='ltr'><strong>Τ.</strong></span> <span class='ocrx_word' id='word_1_894' title='bbox 1923 3330 1986 3368; x_wconf 77' lang='grc' dir='ltr'><strong>Ν-</strong></span> <span class='ocrx_word' id='word_1_895' title='bbox 2010 3329 2190 3365; x_wconf 73' lang='lat' dir='ltr'><strong>Hierocles</strong></span> <span class='ocrx_word' id='word_1_896' title='bbox 2214 3326 2323 3364; x_wconf 61' lang='lat' dir='ltr'><strong>eiiam</strong></span> <span class='ocrx_word' id='word_1_897' title='bbox 2345 3324 2464 3367; x_wconf 69' lang='lat' dir='ltr'><strong>AEgy‘</strong></span> 
     </span>
    </p>
   </div>
  </div>
 </body>
</html>
