2564 3706
923 90 1004 137 DE
1037 90 1341 138 REVELAT.
1373 90 1432 136 N.
1465 91 1520 135 Τ.

52 172 111 215 „si
142 171 203 212 vel
241 170 375 211 leviter
415 168 649 219 excutiatur,
693 182 769 210 non
809 171 932 210 statim
961 185 1007 209 ex
1035 185 1073 209 se
1101 172 1183 225 ipsa

81 234 256 264 corruat.
298 223 426 260 Primo
460 225 547 275 quis
575 223 730 273 credat,
759 223 952 262 Christum
982 238 1057 263 non
1089 226 1184 263 suis-

80 292 117 316 ιε
147 287 338 316 mortuum
352 293 371 324 ·,
401 276 590 327 quandoa
610 290 722 315 cruce
741 277 930 329 depositus
960 277 1055 315 fuit?
1084 278 1183 317 Cum

80 334 154 368 toto
181 331 411 380 inspectante
440 328 583 380 populo
611 331 867 382 expiraverit,
897 329 932 366 &
961 344 1050 369 cum
1081 332 1184 369 insu-

111 394 151 418 er
177 382 293 419 fuerit
322 379 421 419 latus
449 381 531 432 ejus
572 381 706 422 lancea
746 382 1020 426 transfossum?
1063 383 1182 422 Acce-

79 397 160 481 git,
232 433 305 471 uod
332 432 474 473 Pilatus
502 434 664 486 Josepho
705 436 754 474 ab
786 436 1022 474 Arimathaea
1065 436 1182 474 fidem

79 499 150 525 non
178 501 198 524 a
228 486 391 535 bibens,
437 487 704 526 Centurionem
734 488 805 527 hac
834 489 879 526 de
909 503 948 526 re
976 489 1182 539 interroga-

76 539 155 585 vit;
198 553 269 578 nec
311 541 420 592 prius
459 540 607 592 Corpus
642 542 733 580 Jesu
774 541 938 593 Josepho
980 543 1180 589 concessit,

105 605 198 630 uam
226 606 316 631 cum
345 602 536 631 mortuum
566 607 642 632 esse
662 595 918 646 cognovisset,
949 594 1073 633 Marci
1090 594 1180 632 XV.

77 605 146 691 ΞΛ.
187 644 221 682 ἃ
251 659 329 698 seq.
357 645 558 695 Secundo,
603 648 696 699 quid
740 647 991 686 inverisimile
1032 649 1180 698 magis,

75 710 194 749 quam
223 697 446 737 Judaeorum
473 698 690 753 Principes,
732 699 766 737 δι
796 699 1031 755 Pharisaeos,
1060 714 1180 751 quan-

74 750 124 787 do
151 760 359 800 venerunt,
402 761 442 790 ut
485 752 703 805 sepulcrum
740 753 954 804 signarent,
996 764 1071 790 nou
1111 752 1179 789 ob-

76 813 240 842 servasse
270 804 405 856 prius,
434 819 483 844 an
502 806 642 845 Christi
658 806 820 845 cadaver
848 804 903 842 ibi
924 802 1043 842 esset?
1067 803 1179 850 ,Quid

76 856 181 894 enim
209 856 359 909 signare
399 858 622 911 sepulcrum
650 858 849 911 proderat,
886 856 916 893 si
944 855 1038 906 quid
1081 856 1178 893 intus

76 906 234 958 lateret,
264 910 517 962 ignorabant?
547 911 742 957 Ulterius,
771 910 800 948 si
822 907 920 946 hanc
937 905 1178 957 diligentiam

73 962 227 1000 incaute
254 965 608 1015 praetermisissent,
645 975 760 1000 eccur
788 968 935 1012 postea,
964 959 1096 997 audita
1124 961 1182 997 fa-

72 1026 139 1052 ma
167 1017 451 1054 resurrectionis
468 1015 635 1062 Christi„
655 1027 739 1059 ,non
759 1015 883 1051 statim
902 1011 1176 1063 divulgarunt,

74 1067 193 1106 fuisse
218 1067 268 1106 ab
297 1068 483 1121 Apostolis
510 1067 593 1120 ejus
630 1079 768 1118 corpus
811 1066 912 1103 furto
949 1064 1144 1103 sublatum
1165 1096 1177 1114 ‚

73 1129 282 1173 antequam
327 1119 546 1172 sepulcrum
592 1135 614 1158 a
659 1118 850 1158 militibus
896 1118 1179 1157 custodiretur?

76 1172 158 1210 Cur
185 1173 307 1224 potius
334 1172 555 1212 miserabile
582 1171 682 1211 illud
709 1171 896 1224 effugium
935 1173 1182 1221 invenerunt,

75 1233 116 1261 nt
144 1226 307 1276 pecunia
334 1224 477 1264 milites
511 1227 683 1265 custodes
720 1225 970 1273 seducerent,
1014 1235 1054 1263 ut
1082 1226 1184 1263 dice-

77 1285 185 1326 rent,
226 1291 265 1316 se
291 1278 570 1324 dormientibus
606 1280 722 1317 fuisse
750 1295 772 1318 a
800 1277 1015 1330 Discipulis
1044 1277 1186 1317 Christi

81 1330 244 1368 cadaver
273 1331 375 1370 furto
401 1331 626 1371 sublatum?
654 1332 847 1380 Demum‚
877 1331 979 1384 quod
1007 1331 1185 1380 additur,

76 1381 277 1422 Christum
306 1385 672 1424 medicamentorum
700 1398 771 1437 ope
800 1386 1013 1423 restitutum
1030 1414 1042 1432 ,
1072 1384 1187 1423 fuisse

80 1434 183 1474 clam
214 1437 252 1474 in
280 1437 528 1476 coenaculum
558 1439 818 1477 introductum
836 1467 847 1486 ‚
870 1439 1032 1486 ,mirum
1063 1451 1188 1490 quan·

79 1496 163 1525 tum
191 1502 282 1526 cum
311 1489 546 1542 Evangelica
575 1490 733 1530 historia
760 1499 931 1543 pugnat.
969 1490 1056 1528 Esto
1085 1492 1187 1527 enim

76 1539 291 1594 Discipulis
319 1542 397 1581 alio
424 1544 613 1582 distractis
641 1545 818 1595 potuisset
832 1543 1001 1582 Christus
1028 1556 1097 1595 ,per
1125 1556 1188 1580 oc-

77 1593 199 1632 cultas
228 1595 325 1633 fores
353 1596 614 1635 inobservatus
641 1599 812 1644 intrare,
847 1610 949 1634 anne
977 1603 1122 1648 poterat
1149 1609 1189 1633 e-

80 1648 173 1685 tiam
201 1661 248 1686 ex
275 1660 408 1686 eorum
435 1649 557 1687 oculis
584 1661 810 1688 evanescere
827 1678 838 1696 ,
869 1647 903 1684 8(
931 1649 1087 1700 quidem
1116 1661 1192 1686 nou

81 1699 222 1748 semel,
248 1700 316 1739 aut
344 1702 509 1750 iterum,
557 1702 621 1740 sed
650 1700 823 1754 pluries?
869 1702 926 1740 An
955 1702 1070 1739 etiam
1100 1700 1190 1738 illu-

78 1753 196 1802 dere,
224 1766 314 1792 cum
342 1755 587 1806 quingentis,
617 1754 651 1792 8t
680 1768 742 1792 am
774 1753 848 1792 lius
878 1754 1063 1793 fratribus
1089 1755 1191 1793 visus

76 1814 157 1854 est,
200 1814 242 1844 ut
269 1805 408 1845 Paulus
436 1806 620 1846 testatur?
668 1821 703 1846 1.
731 1769 903 1845 ἔοι-111111.
928 1822 963 1859 7.
994 1807 1053 1844 An
1097 1821 1187 1845 cum

77 1859 260 1897 omnibus
290 1860 578 1911 inspicientibus
607 1862 645 1899 in
673 1859 818 1898 coelum
848 1861 900 1898 es't
929 1859 1120 1912 elevatus,
1150 1860 1185 1896 &

79 1910 199 1949 nubes
217 1914 382 1964 suscepit
401 1926 489 1952 eum
510 1913 560 1952 ab
578 1912 699 1952 oculis
718 1911 881 1951 eorum?
909 1913 1005 1951 Haec
1025 1915 1155 1950 omnia
1172 1942 1184 1961 ,

75 1963 111 2000 8:
140 1962 218 2001 alia.
263 1963 433 2015 ejusdem
474 1967 624 2016 generis
651 1979 805 2016 prorsus
848 1965 1092 2003 incredibilia
1119 1966 1184 2002 de—

75 2016 167 2055 bent
195 2016 384 2055 increduli
410 2016 485 2055 sibi
515 2017 684 2069 fingere,
713 2015 926 2056 dum'veris
944 2016 1087 2056 Christi
1110 2018 1185 2056 mi-

75 2068 219 2108 raculis
245 2068 363 2108 fidem
392 2068 576 2109 adhibere
604 2079 807 2110 recusant.
1102 2105 1106 2108 .

135 2135 225 2176 ¹9¹·
252 2123 395 2162 Instab.
421 2137 455 2162 1.
492 2122 748 2176 Evangelistae
778 2125 818 2162 in
847 2122 1097 2162 describenda
1124 2123 1186 2161 hi-

72 2176 188 2215 storia
205 2173 345 2215 Christi
374 2178 657 2216 resurrectionis
676 2190 807 2214 secum
826 2185 954 2227 aperte
975 2176 1184 2223 collidunt,

74 2238 118 2267 ut
144 2227 297 2268 nullum
326 2231 487 2281 proinde
515 2241 593 2268 esse
621 2231 736 2282 possit
756 2229 946 2267 mendacii
976 2229 1186 2267 evidentius

76 2282 293 2321 indicium.
321 2282 370 2320 Et
398 2282 556 2335 quidem
586 2283 714 2334 primo
742 2281 948 2320 Matthaeus
976 2281 1069 2318 dicit
1098 2295 1184 2333 cap.

77 2333 268 2374 XXVIII.
294 2348 328 2373 1.
366 2334 548 2372 mulieres
575 2335 723 2372 venisse
750 2335 799 2373 ad
827 2333 1046 2388 sepulcrum
1073 2333 1184 2373 Chri-

77 2389 126 2426 sti
155 2401 313 2440 vespere
347 2385 530 2436 sabbati,
573 2386 732 2426 Marcus
760 2401 848 2441 cap.
880 2386 948 2426 ult.
976 2396 1061 2424 orto
1090 2389 1188 2439 jam

75 2440 188 2489 sole,
224 2440 386 2478 Ioannes
412 2449 542 2478 autem
570 2455 615 2479 ca
647 2467 657 2479 .
678 2439 773 2479 XX.
800 2454 893 2479 cum
922 2440 1050 2479 adhuc
1078 2449 1188 2479 tene·

75 2490 159 2530 broe
183 2501 319 2531 essent
340 2518 351 2530 .
379 2490 566 2530 Praeterea
595 2456 672 2532 aila
699 2495 948 2533 contradictio
968 2497 1063 2533 inter
1079 2493 1188 2533 Mar·

77 2558 197 2593 cum,
241 2545 275 2582 8(
305 2544 536 2582 Matthaeum
580 2546 618 2583 in
658 2545 787 2584 oculos
829 2548 954 2584 statim
997 2548 1186 2585 incurrit.

78 2596 286 2639 Matthaeus
306 2599 411 2635 enim
431 2598 612 2636 mulieres
631 2600 778 2638 venisse
806 2599 900 2637 dicit
919 2612 1084 2649 vespere
1097 2599 1188 2637 sab-

80 2650 188 2701 bati,
215 2663 306 2703 quae
333 2650 495 2688 lucescit
523 2654 564 2688 in
578 2655 712 2702 prima
731 2650 886 2690 sabbati
902 2677 912 2690 .
942 2651 1101 2690 Marcus
1120 2666 1189 2691 au-

81 2712 159 2742 tem
177 2733 188 2752 ,
217 2716 310 2742 cum
324 2707 536 2743 transisset
564 2703 775 2745 sabbatum
793 2731 802 2741 .
832 2704 965 2743 Tertio
982 2704 1190 2744 Matthaeus

79 2757 220 2805 refert,
236 2755 438 2808 Angelum
454 2757 684 2798 mulieribus
703 2757 845 2797 Christi
877 2759 1190 2797 resurrectionem

81 2811 302 2858 nunciasse,
344 2809 507 2861 Ioannes
535 2820 662 2850 autem
704 2809 876 2849 oculatus
917 2812 1018 2849 testis
1045 2812 1190 2850 nedum

84 2862 126 2902 id
154 2861 266 2911 silet,
309 2863 373 2901 sed
402 2861 632 2905 Matthaeum
663 2864 836 2903 falsitatis
876 2878 1055 2902 accusare
1083 2865 1191 2903 vide-

84 2923 174 2964 tur,
203 2915 506 2967 Magdalenam,
542 2931 633 2957 cum
663 2918 823 2956 Domini
853 2918 997 2971 Corpus
1026 2930 1101 2955 non
1133 2919 1190 2956 in-

84 2971 246 3021 venisset
285 2971 327 3008 in
363 2977 638 3019 monumento,
680 2972 892 3010 cucurrisse
933 2972 979 3009 ad
1010 2970 1190 3020 Petrum,

85 3020 122 3069 83
149 3021 335 3061 Joanuem
352 3050 364 3070 ,
407 3031 520 3076 atque
549 3022 607 3064 his
634 3024 761 3063 verbis
790 3025 906 3062 fuisse
934 3023 1192 3064 lamentabili-

87 3082 145 3114 ter·
183 3083 453 3131 conquestam:
494 3073 684 3115 Tulerunt
711 3076 936 3136 Dominum
977 3077 1024 3117 de
1052 3091 1191 3116 monu-

89 3256 160 3291 ηιμ
183 3244 218 3278 ἷη
244 3246 394 3284 absurda
407 3248 580 3297 [opinione
606 3249 721 3296 ipsum
745 3253 937 3296 Basilides,
976 3256 1007 3288 &
1030 3254 1191 3290 Marcion

88 3302 341 3338 Ptaecesserllnt
359 3317 368 3327 ο

195 3337 436 3396 Gamniga
465 3341 598 3385 Theol.
627 3342 742 3385 Tom.
770 3344 804 3384 I.

2206 104 2288 144 115

1249 179 1409 219 mento,
1437 171 1487 212 (θ’
1514 177 1713 210 nescimus
1730 204 1740 221 ,
1770 174 1831 213 ubi
1858 185 2069 227 posuerunt
2096 189 2214 227 eum,
2243 178 2347 232 quod

1249 233 1349 263 certe
1379 236 1451 262 non
1471 225 1620 262 dixisset
1638 254 1648 272 ‚
1679 228 1708 263 si
1729 227 1774 263 de
1793 232 2065 268 resurrectione
2094 230 2175 282 ejus
2203 231 2252 269 ab
2271 234 2348 271 An-

1250 276 1336 329 gelo
1355 277 1484 316 fuisset
1502 277 1630 315 edocta
1648 303 1658 314 .
1688 277 1878 317 Postremo
1897 284 1927 318 si
1944 283 2087 321 Lucam
2117 284 2319 323 audiamus
2335 315 2347 332 ,

1250 330 1430 368 mulieres
1466 330 1639 369 viderunt
1680 329 1774 368 duos
1821 337 1919 370 viros
1947 338 1988 370 in
2030 346 2131 375 Veste
2167 337 2349 389 fulgenti

1252 383 1402 422 XXlV.
1432 383 1470 429 4.
1499 384 1529 421 si
1557 383 1741 421 Joannem
1759 413 1770 432 ,
1814 383 1910 421 duos
1940 387 2113 437 Angelos
2143 393 2182 426 in
2213 390 2347 428 Albis:

1248 437 1279 474 si
1309 445 1435 474 autem
1466 435 1722 485 Matthaeum,
1751 438 1902 475 nonnisi
1932 451 2029 475 unus
2059 440 2221 490 Angelus
2249 452 2351 492 erat,

1249 490 1357 541 isque
1385 502 1500 540 super
1526 489 1709 541 ‚lapidem
1738 490 1888 528 sedens:
1930 490 1963 527 &
1993 491 2157 543 denique
2185 496 2216 531 si
2244 494 2351 533 Mar·

1248 555 1337 579 cum
1367 541 1636 590 consulamus,
1667 551 1746 580 erat
1776 556 1877 580 unus
1899 545 2085 595 juvenis.

1309 608 1396 646 ¹9²·
1430 595 1539 647 liesp.
1570 596 1690 635 Leves
1718 595 1784 633 has
1811 610 1891 634 esse
1919 596 2147 648 antilogias,
2184 610 2259 636 non
2290 612 2351 636 ve—

1248 660 1336 694 ras,
1380 648 1444 685 sed
1486 658 1737 700 apparentes,
1779 662 1868 701 quae
1910 650 2160 688 substantiam
2191 652 2245 688 rei
2274 659 2350 699 tot,

1246 700 1437 752 tantisque
1458 703 1691 752 argumentis
1735 701 1951 741 roboratam
1990 702 2190 741 infirmare
2225 702 2354 741 nulla-

1247 760 1355 789 tenus
1376 763 1554 803 possunt.
1584 756 1708 792 Immo
1736 767 1781 791 ex
1801 754 1859 792 his
1887 757 2061 804 eruitur,
2091 756 2355 808 Evangelistac

1246 816 1320 840 non
1349 817 1393 840 ex
1424 816 1553 855 pacto,
1582 816 1646 844 aut
1675 809 1921 847 conventione
1951 811 2048 848 inter
2075 823 2114 847 se
2144 810 2271 858 facta,
2301 809 2353 848 E-

1245 855 1484 906 vangelicam
1514 858 1710 898 historiam
1738 864 2013 912 composuisse5
2041 862 2137 914 quid
2166 864 2267 901 enim
2299 863 2357 900 fa-

1250 907 1364 946 cilius
1393 918 1497 958 erat,
1527 926 1644 963 quam
1674 912 1775 950 leves
1804 913 1871 953 has
1890 916 2162 967 discrepantias
2190 913 2351 954 evitare?

1310 959 1397 998 185.
1429 962 1486 999 Ad
1518 965 1687 1014 primum
1717 975 1871 1015 autem,
1917 968 1951 1004 8t
1978 969 2027 1006 ad
2055 969 2264 1007 secundum
2296 969 2353 1007 fa-

1249 1011 1323 1050 cile
1354 1015 1624 1064 respondetur,
1654 1017 1750 1054 illud
1781 1017 1954 1058 Matthaei
1985 1034 2142 1070 vespere
2172 1021 2354 1069 sabbati,

1245 1079 1337 1113 seu,
1381 1075 1420 1103 ut
1449 1068 1608 1106 Graecus
1636 1067 1772 1116 hahet,
1804 1070 1825 1109 ὅ
1846 1071 1901 1119 «ψέ
1929 1073 1971 1111 se
1995 1073 2243 1123 α’σάββατων
2262 1105 2272 1122 ,
2307 1076 2357 1113 si-

1250 1118 1432 1170 gnificare
1448 1120 1487 1157 in
1503 1119 1578 1158 fine
1599 1121 1773 1169 sabbati,
1803 1135 1941 1172 nempe
1962 1121 2212 1162 hebdomada>-
2235 1130 2356 1176 (nam

1250 1172 1453 1210 sabbatum
1474 1174 1703 1226 quandoque
1720 1176 1758 1212 in
1778 1174 1979 1224 scripturis
1999 1178 2162 1213 sumitur
2212 1191 2251 1213 ro
2266 1178 2359 1216 heb-

1251 1225 1440 1271 domade;
1491 1228 1587 1264 uude
1631 1226 1729 1265 illud
1758 1226 1943 1264 Pharisaei
1972 1227 2098 1266 Lucoe
2126 1228 2168 1267 X
2208 1229 2261 1268 ll.
2294 1244 2359 1267 22.

1253 1276 1398 1329 Jejuno
1437 1282 1480 1316 in
1509 1278 1682 1317 sabbato
1712 1281 1751 1329 ):
1794 1293 1860 1317 seu
1888 1281 1990 1331 quod
2019 1278 2120 1320 idem
2150 1291 2202 1320 est
2220 1313 2230 1330 ,
2273 1282 2362 1321 heb-

1255 1329 1430 1369 domade
1452 1333 1546 1384 jam
1576 1333 1717 1383 elapsa
1738 1349 1753 1378 ;
1781 1333 1883 1385 quod
1912 1333 2055 1372 clarius
2076 1336 2169 1373 dixit
2185 1334 2363 1374 Marcus:

1254 1383 1305 1424 <9³
1333 1396 1425 1421 cum
1452 1389 1665 1424 transisset
1692 1386 1924 1424 sabbatum.
1966 1387 2033 1425 Sic
2061 1389 2177 1425 etiam
2217 1389 2363 1428 tollitur

1255 1435 1501 1475 contradistio
1529 1439 1626 1476 iuter
1656 1438 1836 1477 Marcum
1859 1468 1869 1485 ,
1899 1438 1932 1474 ἃ
1961 1439 2141 1478 Joannem
2160 1471 2172 1489 ‚
2215 1443 2244 1480 si
2276 1456 2359 1480 ver-

1254 1487 1303 1527 ba
1319 1488 1444 1528 Marci
1474 1491 1615 1530 ἐναντεὶ
1645 1503 1714 1530 λαν
1742 1509 1776 1532 ος
1796 1493 1844 1532 r?
1861 1492 1984 1539 u'm,
2014 1492 2130 1531 latine
2145 1496 2199 1532 ita
2229 1495 2362 1532 redda-

1254 1555 1359 1580 mus:
1399 1547 1551 1582 oriente
1580 1545 1683 1583 sole:
1726 1548 1879 1597 quando
1908 1545 2053 1584 scilicet
2082 1547 2244 1584 tenebrae
2274 1549 2362 1599 qui-

1257 1595 1344 1632 dem
1375 1596 1499 1634 adhuc
1529 1606 1610 1636 sunt
1627 1628 1637 1646 ,
1669 1599 1860 1651 incipiunt
1880 1609 2007 1637 tamen
2027 1615 2049 1636 a
2070 1599 2145 1637 sole
2174 1613 2219 1637 ex
2232 1602 2361 1639 orien-

1258 1656 1292 1685 te
1327 1649 1504 1701 dissipari
1534 1651 1626 1700 (ιι).
1672 1651 1743 1688 Vel
1773 1653 1851 1690 dici
1893 1660 2038 1705 potest,
2081 1652 2268 1691 Joauuem
2307 1653 2362 1690 lo-

1263 1709 1392 1745 cutum
1423 1716 1500 1740 esse
1530 1705 1575 1740 de
1605 1713 1798 1756 tempore,
1826 1719 1906 1757 quo
1935 1704 2116 1744 mulieres
2144 1722 2165 1744 a
2195 1695 2361 1757 propriis

1256 1754 1434 1793 domibus
1470 1756 1746 1805 discesserunt,
1790 1757 1824 1793 8(
1853 1768 1941 1796 tunc
1978 1758 2142 1795 tenebrae
2172 1758 2296 1797 adhuc
2325 1772 2364 1795 e-

1257 1816 1366 1845 rant.
1408 1806 1592 1846 Marcum
1622 1823 1710 1847 vero
1737 1811 1782 1848 de
1813 1820 2009 1863 tempore,
2046 1824 2123 1862 quo
2150 1812 2197 1849 ad
2227 1824 2364 1849 monu-

1257 1869 1428 1898 mentum
1460 1872 1740 1912 pervenerunt,
1769 1872 1854 1901 orto
1877 1865 1974 1916 jrzm.
2002 1864 2109 1900 sole.

1313 1913 1399 1963 194.
1431 1914 1488 1950 Ad
1509 1915 1662 1951 tertium
1679 1942 1690 1953 .
1721 1915 1839 1955 'Nulla
1858 1927 1910 1955 est
1931 1917 1986 1954 ibi
2006 1917 2254 1955 contradictio
2272 1932 2281 1963 ;
2300 1918 2365 1956 sed

1252 1963 1377 2002 solum
1392 1964 1540 2017 aliquas
1559 1967 1883 2018 circumstantias,
1904 1984 1997 2022 quas
2017 1969 2226 2008 Matthaeus
2243 1970 2362 2008 silue-

1254 2026 1334 2065 rat,
1365 2017 1553 2068 Joannes,
1584 2022 1685 2059 testis
1712 2021 1909 2072 oculatus,
1938 2025 2116 2075 exponit.
2154 2022 2366 2061 Matthaeus

1253 2072 1358 2108 enim
1385 2072 1535 2110 omissis
1564 2074 1637 2121 iis,
1679 2089 1767 2126 quae
1797 2085 1908 2114 antea
1937 2077 2196 2127 contigerant,
2238 2077 2365 2113 solum

1254 2133 1462 2171 memorat,
1493 2126 1606 2162 fuisse
1635 2126 1686 2163 ab
1708 2128 1854 2178 Angelo
1872 2128 2012 2168 Christi
2041 2130 2361 2165 resurrectionem

1254 2178 1473 2213 nunciatam
1491 2202 1502 2214 .
1531 2178 1697 2216 Joannes
1725 2189 1852 2218 autem
1870 2210 1881 2228 ,
1911 2194 1998 2232 quae
2020 2189 2103 2218 ante
2125 2180 2358 2231 Angelorum

1255 2228 1491 2280 colloquium
1521 2232 1780 2281 contigerant,
1810 2235 2024 2271 accuratius
2051 2235 2231 2284 exponit,
2260 2234 2366 2272 scili-

1253 2290 1310 2319 cet
1340 2282 1467 2333 primo
1509 2285 1652 2321 venisse
1682 2283 1851 2323 Mariam
1881 2285 2112 2337 Magdaleue
2154 2286 2200 2323 ad
2232 2287 2358 2338 sepul-

1253 2348 1383 2382 crum,
1427 2334 1460 2371 ἃ
1491 2349 1566 2373 non
1611 2337 1759 2375 invento
1801 2352 1959 2390 corpore
1988 2338 2177 2385 Domini,
2208 2352 2359 2377 cucur-

1255 2388 1347 2425 risse
1375 2388 1422 2426 ad
1452 2387 1602 2426 Petrum
1620 2419 1631 2437 ,
1661 2389 1695 2426 8<
1723 2391 1908 2431 Joannem
1926 2422 1936 2440 ,
1976 2406 2066 2430 cum
2097 2392 2220 2443 iisque
2247 2391 2293 2428 de
2322 2405 2362 2429 e-

1254 2439 1405 2491 jusdem
1435 2441 1648 2480 sublatione
1677 2454 1949 2496 conquestam3
1990 2445 2127 2484 deinde
2156 2444 2361 2496 discipulos

1254 2507 1329 2532 non
1359 2495 1511 2532 invento
1539 2508 1697 2548 corpore
1727 2497 1884 2536 Domini
1911 2497 2052 2536 abiisse
2070 2524 2081 2535 .
2111 2497 2203 2538 Haec
2231 2499 2364 2537 omnia

1255 2548 1501 2598 praetenuisit
1532 2547 1763 2597 Matthaeus,
1807 2550 1841 2586 8(
1869 2550 1991 2588 solum
2024 2552 2216 2597 narravit,
2259 2551 2361 2602 quod

1253 2602 1450 2652 sequitur,
1481 2600 1651 2639 Mariam
1672 2601 1929 2654 Magdalene,
1958 2618 2047 2656 quae
2076 2604 2264 2641 desiderio
2283 2603 2362 2641 Do-

1255 2655 1405 2691 minum
1437 2653 1615 2702 videndi,
1659 2670 1680 2692 a
1710 2655 1884 2707 sepulcro
1926 2670 2000 2695 uon
2032 2664 2259 2703 recesserat,
2303 2658 2360 2695 vi-

1255 2706 1353 2743 disse
1395 2707 1486 2743 duos
1518 2706 1680 2758 Angelos
1711 2709 1749 2745 in
1793 2708 1892 2746 albis
1933 2710 2125 2756 sedentes,
2169 2724 2190 2747 a
2219 2710 2362 2760 quibus

1256 2767 1338 2796 tum
1369 2759 1477 2812 ipsa,
1513 2768 1594 2797 tum
1624 2760 1711 2797 aliae
1743 2761 1922 2799 mulieres
1950 2763 1995 2799 de
2021 2762 2163 2800 Christi
2194 2775 2360 2801 resurre-

1258 2810 1379 2861 &ione
1407 2811 1555 2850 edostae·
1579 2813 1753 2851 suerunt.
1785 2815 1915 2866 ltaque
1946 2813 2050 2853 nulla
2071 2825 2123 2853 est
2144 2816 2239 2854 inter
2259 2814 2362 2854 Mat·

1259 2864 1404 2903 thaeum
1421 2895 1432 2913 ,
1462 2864 1496 2901 ἃ
1515 2865 1698 2904 Joannem
1729 2866 2000 2913 contradiffl03
2031 2870 2061 2906 si
2081 2882 2175 2921 quas
2203 2869 2271 2906 iste
2300 2869 2364 2907 fu-

1259 2919 1335 2956 sius
1363 2927 1493 2956 narrat
1522 2919 1850 2968 circumstantias,
1881 2920 1946 2958 ille
1974 2923 2129 2960 omisit.
2197 2931 2199 2933 ’
2405 2968 2407 2970 ,

1319 2971 1406 3022 195.
1436 2970 1585 3009 Ultima
1626 2985 1695 3010 nec
1737 2974 2016 3025 responsionem
2061 2976 2140 3012 fere.
2167 2983 2359 3014 meretur.

1258 3024 1358 3062 Cum
1387 3025 1489 3062 enim
1520 3023 1656 3075 Angeli
1686 3025 1901 3064 nonaliter
1928 3040 2046 3079 quam
2077 3029 2118 3066 in
2148 3029 2271 3067 forma
2291 3027 2360 3065 hu-

1258 3090 1374 3117 mana
1403 3078 1675 3130 apparuerint,
1718 3087 1922 3131 potuerunt
1949 3080 2029 3119 siue
2059 3080 2139 3121 ulla
2175 3081 2359 3119 contradi-

2214 3132 2305 3171 ttio-

1309 3256 1357 3297 (α)
1389 3252 1438 3285 lta
1463 3251 1605 3286 Sanctus
1629 3251 1846 3297 Augustinus
1873 3252 1951 3288 Lib.
1973 3254 2031 3288 111.
2056 3254 2100 3287 de
2123 3261 2217 3286 conc·
2241 3247 2367 3283 Euan-s

1257 3301 1379 3345 gelist.
1405 3309 1481 3344 cap.
1510 3298 1565 3334 25.
1593 3298 1695 3333 'I'om-
1723 3301 1794 3333 ΙΙΙ..
1809 3299 1846 3332 Ρ.
1871 3301 1913 3334 11.
2080 3328 2098 3332 ..
2173 3324 2181 3330 „
2303 3320 2308 3328 .

1716 3343 1763 3384 ‘15
