2564 3706
867 132 948 179 DE
982 132 1259 179 PRIMATU
1289 130 1432 177 ROM.
1466 128 1707 173 PONTIF.

140 225 286 272 potest.
334 218 434 268 Quae
464 225 592 256 tamen
620 215 721 255 dicta
749 214 820 254 sint
849 216 1072 254 eruditionis
1113 216 1255 267 gratia:

141 274 289 312 etiamsi
319 274 424 310 enim
453 282 582 323 aperta
611 279 703 309 esset
731 268 1058 321 Chronologorum
1096 283 1222 321 pugna
1245 298 1255 318 ,

141 326 245 364 male
272 326 361 364 inde
389 326 476 378 quis
506 324 675 363 historiae
705 323 910 369 falsitatem
938 323 1159 375 colligeret.

195 378 264 417 88.
295 379 409 417 Dices
441 383 455 431 (
485 393 574 417 cnm
603 377 837 431 Spanhemio
867 377 904 425 ).
948 377 988 414 Si
1020 385 1124 415 actus
1154 376 1256 427 Apo-

140 430 322 471 stolorum
353 433 596 471 consuiantur
619 463 629 480 ,
661 431 790 469 Petrus
819 444 942 484 neque
971 430 1041 468 sub
1062 430 1254 478 Claudio,

136 497 264 538 neque
292 487 363 525 sub
392 487 540 525 Nerone
569 487 690 538 potuit
721 484 851 523 Roma:
881 498 960 521 esse
979 510 988 521 .
1027 483 1128 523 Nam
1158 495 1256 521 anuo

139 538 294 578 Claudii
337 549 498 593 quarto,
548 553 637 577 aerae
669 538 837 590 vulgaris
859 537 923 584 44.
956 537 1086 575 Petrus
1116 540 1156 575 in
1186 535 1255 574 Pa-

138 591 287 632 laestiua
316 604 396 632 erat
426 595 466 632 in
510 593 668 631 vincula
698 593 746 632 ab
776 592 924 630 Herode
953 590 1173 643 conjectus,
1218 599 1256 627 ut

137 647 298 700 proinde
326 656 412 686 aute
444 646 544 684 hunc
574 661 720 685 annum
751 659 822 684 non
852 647 1015 699 potuerit
1045 660 1065 683 a
1087 643 1257 682 Pal-”esti-

138 715 187 739 na
216 701 370 752 egredi.
415 700 558 738 Rursus
589 701 626 738 iu
657 700 857 738 Palaestina
901 698 1025 736 adhuc
1068 698 1255 750 (legebat,

138 755 293 806 quando
322 754 500 807 Synodus
527 753 846 806 §ierosolymitana
877 752 1008 790 habita
1039 752 1138 799 fuit,
1184 752 1254 789 hoc

137 816 191 844 est
211 821 307 845 anno
330 809 394 847 55.
416 822 505 846 aeroe
526 807 734 846 Christian.
762 807 916 845 Claudii
946 819 1035 844 vero
1061 806 1121 844 15.
1155 806 1254 843 Cum

139 869 267 899 autem
299 870 427 910 postea
457 861 731 900 Antiochenam
752 860 980 899 Cathedram
1013 860 1254 906 fundaverit,

138 927 213 954 non
242 917 365 967 potuit
393 925 492 954 certe
535 924 621 953 ante
663 929 806 953 annum
831 915 894 966 59.
927 927 1015 950 aerae
1047 912 1153 963 vulg.
1184 911 1256 949 Ro-

139 981 246 1006 mam
276 969 510 1018 adventare,
552 968 623 1007 hoc
652 977 703 1005 est
732 976 815 1006 ante
849 980 995 1004 annum
1026 966 1187 1003 Neronis
1218 964 1257 1010 4.

140 1021 190 1061 At
220 1035 309 1060 vero
337 1023 406 1061 sub
422 1023 570 1061 Nerone
599 1022 757 1074 quidem
789 1020 921 1056 Romae
944 1020 1059 1055 fuisse
1079 1017 1257 1065 Petrum,

141 1074 338 1127 colligitur
368 1086 451 1114 tum
480 1090 525 1114 ex
555 1088 624 1122 e0,
672 1073 774 1125 quod
807 1081 977 1109 mortuus
1006 1070 1257 1123 perhibeatur

138 1128 202 1168 vel
231 1129 303 1168 sub
331 1130 519 1175 Claudio,
556 1126 618 1166 vel
646 1127 718 1164 sub
750 1126 868 1163 initiis
897 1125 1105 1163 Neroniani
1136 1125 1259 1176 impe-

140 1183 220 1228 rii3
250 1191 331 1220 tum
360 1184 476 1220 etiam
507 1182 599 1234 quia
629 1180 668 1218 in
698 1178 866 1231 epistolis
896 1195 916 1217 a
946 1177 987 1216 S.
1018 1177 1136 1215 Paulo
1166 1178 1258 1215 scri-

139 1237 213 1288 ptis
233 1234 381 1273 Nerone
403 1236 615 1286 imperante
631 1263 641 1281 ,
663 1232 773 1272 nulla
794 1232 877 1283 ejus
892 1233 1037 1270 mentio
1057 1232 1156 1269 facta
1177 1239 1258 1268 est.

196 1288 263 1341 89.
293 1287 408 1341 Resp.
438 1288 547 1326 Nihil
578 1287 770 1326 infirmius
799 1300 876 1324 esse
906 1285 976 1323 hoc
1005 1294 1258 1337 argument03

141 1343 320 1395 quamvis
349 1343 452 1380 enim
481 1351 582 1380 certa
611 1342 792 1380 itinerum
822 1339 862 1378 S.
884 1339 983 1377 Petri
1013 1340 1109 1377 ratio
1136 1339 1260 1376 deter-

139 1396 284 1434 minari
313 1405 500 1448 nequeat,
530 1395 645 1436 facile
673 1404 800 1433 tamen
831 1402 883 1432 est
911 1393 1194 1440 demonstrare,
1225 1393 1260 1428 &

142 1448 331 1497 Claudio,
363 1450 396 1485 8<
416 1450 566 1488 Nerone
596 1447 873 1501 imperantibus
901 1461 991 1485 eum
1014 1446 1175 1484 Romam
1197 1460 1261 1484 ve-

141 1504 224 1540 nire
253 1505 445 1555 potuisse,
488 1504 622 1556 ibique
651 1501 883 1540 Catherlram
920 1502 1063 1553 erigere
1081 1527 1091 1539 .
1135 1498 1261 1538 Potuit

139 1557 246 1594 enim
275 1572 375 1595 anno
403 1557 558 1596 Claudii
589 1556 756 1595 secundo
788 1555 918 1593 Romae
949 1569 1052 1600 esse3
1082 1554 1171 1593 inde
1191 1568 1260 1592 an-

141 1623 191 1648 no
237 1620 416 1663 sequente
457 1611 684 1650 descendere
727 1611 765 1648 in
796 1604 1068 1656 Palaestinam,
1113 1607 1181 1645 ubi
1209 1607 1259 1645 ab

142 1663 294 1702 Herode
336 1663 633 1717 comprehensus
662 1664 762 1707 fuit3
799 1663 866 1701 'vel
896 1663 1011 1700 etiam
1050 1669 1131 1714 post
1159 1660 1260 1698 libe—

140 1719 329 1756 rationem
360 1733 381 1757 a
410 1717 576 1757 vinculis
597 1717 823 1755 Herodianis
845 1716 1006 1755 Romam
1036 1714 1258 1768 proficisci,

138 1771 307 1824 indeque
328 1780 455 1825 postea
486 1773 524 1809 in
545 1771 791 1809 Palaestinam
814 1783 985 1808 remeare
1002 1799 1013 1818 ,
1044 1767 1260 1807 Ecclesiam

142 1823 422 1864 Antiochenam
443 1825 606 1864 fundare
623 1855 633 1874 ,
663 1827 788 1864 varias
808 1825 978 1876 regiones
997 1821 1262 1874 evangelizan-

141 1877 191 1917 do
220 1892 451 1931 peragrare,
489 1878 523 1915 ἃ
551 1880 702 1917 tandem
731 1879 802 1917 sub
831 1879 980 1917 Nerone
1017 1878 1155 1915 iterum
1188 1875 1260 1913 Ro-

143 1945 248 1993 mam
281 1947 463 1986 pergere,
494 1941 534 1972 ut
563 1933 621 1972 ibi
640 1934 848 1986 repositam
877 1933 1056 1985 martyrii
1077 1943 1261 1969 coronam

146 1995 365 2038 acciperet.

199 2050 266 2090 90.
297 2039 412 2076 Dices
448 2053 484 2077 2.
532 2039 688 2076 Veteres
717 2037 956 2089 Scriptores,
1002 2036 1072 2088 qui
1101 2034 1256 2072 Petrum

136 2089 308 2130 Romam
336 2092 482 2130 venisse
512 2091 711 2138 referunt,
741 2103 826 2129 eam
856 2088 974 2141 liujus
1005 2089 1149 2126 itineris
1170 2101 1261 2126 cau-

140 2158 224 2184 sam
262 2145 378 2184 fuisse
406 2146 567 2192 dicunt,
615 2141 656 2181 ut
685 2143 741 2181 ibi
772 2143 971 2181 Simonem
1003 2141 1165 2192 Magum
1194 2153 1259 2177 ex-

140 2207 326 2252 pugnaret
356 2202 371 2251 (
403 2199 494 2236 Vid.
524 2196 715 2235 Eusebius
745 2195 836 2233 Lib.
870 2195 920 2233 ΙΙ.
951 2193 1058 2231 Hist.
1096 2192 1256 2230 Eccles.

137 2266 226 2305 cap.
253 2252 313 2299 14.
345 2253 393 2300 );
431 2251 538 2304 atqui
568 2249 609 2288 S.
639 2250 872 2300 Augustinus
906 2248 944 2286 id
975 2249 1073 2286 inter
1102 2245 1257 2286 fabulas

137 2315 306 2344 recenset
336 2308 351 2356 (
381 2306 491 2357 epist.
515 2302 579 2342 56.
609 2302 663 2341 al.
683 2302 749 2341 86.
780 2317 866 2355 cap.
888 2315 926 2353 9.
958 2301 973 2351 )
1003 2313 1093 2352 ergo
1122 2299 1193 2338 διο.

193 2372 261 2411 9ι.
292 2358 406 2410 Resp.
449 2357 639 2405 Quamvis
679 2370 795 2395 causa
836 2356 1020 2394 adventus
1049 2353 1150 2392 Petri
1183 2352 1256 2391 Ro-

138 2425 245 2452 mam
275 2412 324 2451 ab
354 2414 401 2450 iis
429 2410 649 2449 auctoribus
689 2409 853 2462 allegata
884 2409 979 2447 falsa
1016 2416 1136 2456 esset,
1180 2420 1256 2446 non

138 2474 270 2505 tamen
298 2463 606 2504 concludendum
651 2464 767 2512 foret,
809 2464 925 2500 etiam
956 2464 1025 2500 iter
1052 2460 1151 2499 Petri
1182 2460 1255 2498 Ro-

138 2533 301 2558 manum
317 2533 395 2558 esse
411 2518 613 2563 fictitium;
633 2517 704 2556 hoc
725 2517 828 2555 enim
848 2517 1056 2554 secundnm
1077 2516 1255 2553 omnium

138 2573 262 2612 oculis
292 2574 440 2625 patuit3
469 2586 596 2611 causae
626 2580 754 2610 autem
777 2583 905 2607 rerum
937 2568 1165 2622 plerumque
1186 2569 1255 2608 ab·

137 2627 228 2666 ditae
257 2637 369 2674 sunt3
411 2640 488 2680 quo
518 2626 592 2674 fit,
625 2634 663 2663 ut
692 2627 731 2663 in
761 2624 819 2662 his
849 2623 1002 2661 facilius
1024 2653 1034 2670 ,
1064 2635 1180 2675 qnam
1213 2624 1252 2660 in

139 2681 278 2729 factis,
318 2681 492 2720 homines
520 2680 647 2732 decipi
678 2678 851 2718 soleant.
888 2677 962 2715 Sed
992 2676 1152 2715 ulterius
1181 2675 1254 2714 fal-

139 2748 225 2772 sum
241 2744 321 2784 est,
352 2735 609 2787 Augustinum
630 2732 775 2772 fabulis
795 2732 1029 2770 accensuisse
1043 2728 1142 2767 Petri
1164 2744 1256 2768 cum

137 2787 298 2827 Simone
328 2787 444 2840 Mago
472 2797 690 2834 certamen3
732 2787 917 2824 duntaxat
945 2797 1076 2822 eorum
1106 2784 1255 2835 opinio-

137 2855 226 2880 nem
255 2851 469 2895 suspectam
502 2840 666 2890 babuit,
703 2841 772 2893 qui
803 2839 1063 2877 Romanorum
1107 2851 1254 2876 morem

137 2895 309 2935 Sabbato
336 2896 534 2947 jejunandi
563 2911 586 2933 a
614 2894 762 2947 jejunio
790 2893 831 2933 S.
860 2892 959 2930 Petri
989 2893 1028 2929 in
1060 2890 1127 2929 illo
1156 2890 1252 2929 Sab-

135 2947 256 2997 bato,
299 2950 402 3003 quod
438 2959 631 2987 certamen
667 2949 787 3000 ipsius
829 2960 919 2986 cum
948 2945 1106 2983 Simone
1136 2942 1252 2995 Mago

136 3005 350 3054 praecessit,
380 3004 596 3042 dimanasse
623 3002 854 3040 credebant.
883 3000 1060 3039 Ceterum
1082 2997 1180 3035 Petri
1203 2999 1250 3035 de

134 3056 292 3094 Simone
321 3056 439 3108 Mago
469 3057 670 3094 victoriam
688 3086 700 3104 ,
743 3065 783 3093 ut
811 3069 894 3093 rem
942 3053 1054 3107 plane
1083 3060 1248 3101 certam,

135 3111 240 3150 idem
270 3110 311 3150 S.
341 3109 579 3164 Augustinus
609 3109 723 3149 habet
753 3109 818 3162 (α)
841 3135 853 3149 .

186 3251 236 3287 (α)
260 3246 344 3282 Vid.
370 3247 512 3281 initium
536 3244 612 3290 ejus
637 3244 720 3279 libri
745 3246 788 3279 de
810 3245 1016 3283 haeresibm,
1043 3245 1073 3275 ἃ
1101 3242 1136 3275 in
1156 3241 1246 3275 psat.

138 3294 204 3329 IX.
246 3293 361 3338 Hujus
385 3303 502 3328 autern
528 3293 684 3326 historiae
720 3293 907 3325 veritatem
934 3303 999 3324 non
1028 3290 1075 3322 ita
1113 3287 1248 3333 pridem

138 3339 335 3375 vindicavit
351 3338 567 3374 doffissimus
583 3339 726 3373 Alexins
740 3340 876 3383 Symm-
894 3336 1095 3371 Mazochius
1117 3337 1150 3367 in
1165 3334 1248 3368 Kal.

140 3388 254 3433 Neap.
281 3385 323 3423 ad
349 3385 443 3423 diem
468 3398 526 3434 29.
544 3388 563 3422 J
571 3386 643 3422 unii
651 3407 664 3429 ‚
687 3385 834 3434 ejusque
851 3385 1000 3421 Dissert.
1020 3383 1171 3430 epitome
1188 3393 1250 3418 no-

2294 128 2372 169 251

1377 224 1443 264 92.
1473 208 1566 260 obj.
1589 209 1716 247 ultim.
1731 206 1890 246 Sanetus
1909 205 2171 260 Hieronymus
2189 204 2204 257 (
2219 206 2261 242 ἰη
2285 203 2440 243 Άίαεεή.

1324 279 1410 318 cap.
1446 264 1592 302 XXIII.
1624 262 1638 309 )
1670 263 1717 300 ad
1746 261 1817 298 illa
1845 258 1985 299 Christi
2028 259 2169 298 verba:
2213 257 2325 296 Ecce
2367 271 2441 310 ego

1324 325 1436 357 mitto
1466 317 1521 356 ad
1549 330 1614 356 vos
1644 313 1862 365 Prophetas
1892 314 1961 352 ἃς.
2005 313 2153 365 inquit:
2194 311 2266 350 Ex
2305 311 2440 363 quibus

1323 372 1524 422 lapidatus
1566 379 1625 408 est
1666 367 1920 420 Stephanus,
1963 365 2218 404 obtruncatus
2262 364 2440 414 Paulus,

1323 425 1542 479 crucifixus
1572 424 1736 462 Petrus:
1766 434 1854 473 ergo
1882 429 2003 458 censet
2025 420 2198 467 Petrum,
2229 432 2304 457 nou
2333 433 2440 458 secus

1323 494 1366 518 ac
1396 480 1637 532 Stephanum
1665 477 1890 516 Judaeorum
1934 473 2113 511 manibus
2142 475 2183 511 in
2214 472 2438 521 Palaestina,

1324 548 1396 572 non
1428 534 1558 571 Romae
1588 532 1754 570 obiisse.
1786 530 1879 568 Acta
1909 527 2024 565 etiam
2046 526 2133 563 Lini
2154 525 2321 564 referunt
2342 525 2442 565 Pau-

1325 587 1408 625 lum
1427 618 1437 636 ,
1467 586 1500 623 8<
1532 586 1684 624 Petrum
1715 586 1864 623 diverso
1892 581 2002 628 loco,
2033 579 2066 615 ὅ(
2095 587 2265 630 tempore
2295 589 2441 632 marty-

1329 643 1431 679 rium
1461 641 1627 678 obiisse.
1672 639 1729 677 Ad
1761 636 1872 684 haec,
1917 645 1955 673 ut
1986 633 2208 672 Harduinus
2239 635 2442 671 ratiocina-

1326 703 1386 732 tur
1416 699 1431 746 (
1461 695 1587 732 adnot.
1619 694 1665 731 ad
1696 706 1794 730 vers.
1818 690 1881 736 54.
1915 688 2053 727 Matth.
2074 685 2204 724 XXII.
2227 684 2265 733 ),
2295 695 2442 724 certum

1323 758 1404 796 est,
1436 748 1658 800 praedixisse
1685 746 1908 791 Christum,
1952 741 2123 794 aliquem
2154 752 2199 776 ex
2229 738 2445 790 Discipulis

1327 804 1405 840 suis
1435 816 1511 840 esse
1540 818 1562 840 a
1591 801 1735 839 Judaeis
1765 797 2069 848 crucifigendum
2093 796 2108 846 (
2130 791 2272 831 Matth.
2293 792 2443 831 XXIII.

1326 855 1392 901 54.
1423 855 1456 891 8(
1486 856 1622 893 Joann.
1644 854 1756 892 XXI.
1791 852 1853 890 18.
1882 850 1916 888 8<
1944 863 2004 902 19.
2037 849 2079 898 );
2109 847 2217 899 atqui
2247 845 2374 884 nullus
2403 862 2443 884 a·

1326 908 1403 946 lius
1444 908 1583 959 legitur
1613 908 1661 946 ab
1709 908 1801 960 ipsis
1844 905 2075 943 crucifixus:
2117 913 2206 952 ergo
2236 899 2306 937 Sec.
2342 901 2442 938 Cum

1325 971 1454 999 autem
1475 962 1601 1000 Judaei
1632 961 1780 1000 nullam
1803 958 1933 997 Romae
1965 964 2184 1010 potestatem
2213 953 2443 1003 habuerint,

1326 1027 1399 1052 non
1430 1017 1549 1065 potuit
1578 1015 1633 1054 ibi
1665 1015 1794 1053 Petrus
1824 1012 2035 1064 crucifigi.
2311 1032 2313 1035 v

1379 1068 1446 1119 93.
1481 1067 1591 1120 Hesp.
1625 1069 1681 1106 Ad
1709 1082 1742 1105 1.
1784 1068 2044 1118 Hieronymus
2072 1061 2196 1101 solum
2226 1061 2338 1110 vult,
2369 1061 2443 1099 im-

1326 1120 1469 1173 pletam
1500 1122 1614 1159 fuisse
1645 1119 1914 1172 Apostolorum
1943 1119 2247 1170 persecutionem
2278 1130 2299 1154 a
2327 1114 2441 1153 Chri-

1325 1184 1380 1212 sto
1410 1175 1746 1226 praenunciatam,
1789 1185 1864 1210 non
1902 1181 2030 1209 autem
2073 1170 2129 1208 ibi
2158 1170 2204 1206 de
2233 1168 2336 1217 loco,
2376 1178 2443 1206 aut

1329 1236 1498 1278 tempore
1527 1228 1712 1266 sollicitus
1741 1235 1817 1273 est,
1846 1225 1989 1277 quibus
2019 1223 2102 1261 haec
2132 1224 2343 1273 persecutio
2373 1223 2445 1259 im-

1329 1280 1432 1333 pleta
1461 1282 1606 1319 fuerit.
1653 1282 1833 1318 Ceterum
1863 1278 2016 1316 Petrum
2048 1276 2180 1314 Romae
2211 1274 2445 1313 crucifixum

1328 1336 1445 1372 fuisse
1490 1348 1559 1385 pro
1601 1344 1701 1373 certo
1743 1331 1878 1372 habuit
1907 1332 2165 1383 Hieronymus
2196 1330 2212 1380 (
2243 1328 2322 1368 vid.
2359 1342 2447 1380 sup.

1328 1402 1437 1427 num.
1460 1387 1525 1428 63.
1558 1390 1601 1439 ).
1634 1388 1692 1426 Ad
1724 1402 1760 1426 2.
1806 1385 1897 1424 Aeta
1928 1385 2020 1424 Lini
2062 1382 2210 1421 nullius
2237 1391 2324 1420 sunt
2353 1381 2446 1420 fidei

1328 1443 1431 1494 apud
1461 1444 1628 1481 saniores
1656 1442 1816 1479 Criticos
1838 1466 1848 1478 .
1892 1438 2130 1477 Postremum
2173 1444 2447 1487 argumentum

1329 1494 1414 1534 leve
1443 1505 1528 1545 est,
1574 1496 1607 1533 8(
1639 1497 1773 1534 mirari
1817 1493 1948 1542 subit,
1991 1490 2156 1531 voluisse
2199 1489 2446 1527 Harduinum

1327 1546 1586 1599 constantem,
1629 1549 1971 1599 firmissimamque
2003 1546 2242 1584 traditionem
2274 1543 2374 1595 Ioci,
2404 1544 2445 1580 in

1328 1617 1405 1656 quo
1433 1603 1562 1642 Satist.
1593 1603 1722 1642 Petrus
1765 1603 1998 1654 martyrium
2041 1599 2213 1645 subivit,
2257 1606 2333 1634 tam
2364 1594 2443 1635 levi

1327 1657 1544 1709 conjestura
1573 1657 1798 1697 infirmare.
1826 1655 1932 1703 Quid
1962 1651 2092 1693 enim?
2121 1650 2303 1689 l'raedixit
2330 1649 2443 1688 Chri-

1326 1720 1431 1760 stus,
1461 1712 1633 1765 aliquem
1662 1725 1739 1749 esse
1768 1726 1788 1749 a
1817 1709 1960 1748 Judaeis
1989 1705 2323 1758 crucifigendum.
2367 1703 2442 1742 lm-

1328 1764 1471 1817 pletam
1503 1766 1618 1804 fuisse
1647 1763 1891 1817 prophetiam
1921 1761 2098 1800 dubitare
2128 1772 2200 1797 non
2223 1771 2442 1811 possumus:

1327 1828 1364 1858 at
1394 1832 1509 1868 verO,
1540 1819 1669 1858 subdit
1697 1818 1946 1864 Harduinus,
1990 1813 2144 1853 nullum
2173 1812 2295 1851 alium
2325 1824 2443 1855 cruce

1328 1883 1544 1926 peremtum
1574 1874 1765 1925 legimus,
1809 1880 1948 1924 praeter
1976 1868 2158 1906 Petrum.
2201 1866 2256 1904 Ita
2297 1863 2409 1916 plane
2427 1899 2441 1919 θ

1329 1935 1365 1965 at
1386 1936 1542 1979 putatne
1562 1927 1784 1964 Harduinus
1806 1955 1818 1972 ,
1848 1924 1975 1961 omnia
1993 1952 2004 1970 ,
2033 1934 2121 1974 quse
2144 1935 2165 1958 a
2184 1919 2331 1956 Judaeis
2351 1929 2442 1956 con-

1329 1988 1385 2015 tra
1415 1988 1556 2015 nostros
1585 1980 1801 2015 furentibus
1836 1975 1936 2013 faeta
1964 1984 2077 2021 sunt,
2120 1974 2236 2011 fuisse
2278 1969 2444 2008 fideliter

1329 2030 1506 2070 historiae
1529 2029 1739 2070 mandata?
1779 2030 1854 2069 Sed
1883 2030 2020 2067 frustra
2050 2029 2090 2066 in
2132 2024 2353 2076 hujusmodi
2384 2025 2443 2063 in-

1328 2084 1443 2123 sulsis
1471 2085 1788 2125 cavillationibus
1818 2091 1967 2134 tempus
1997 2082 2130 2119 teritur
2160 2080 2217 2131 (b)
2237 2105 2248 2117 .

1691 2202 1937 2243 CAPUT
2007 2199 2078 2240 IV.

1320 2329 1526 2369 Asseritur
1554 2326 1741 2366 Romano
1777 2325 1961 2380 Pontifici
2003 2323 2211 2362 Primatus
2252 2322 2438 2372 lionoris,

1377 2384 1427 2424 <9¹
1450 2380 1758 2436 jrcrisdiHionis.
1790 2383 1806 2432 (
1836 2379 1878 2420 S.
1912 2378 1947 2417 T
1946 2379 2090 2417 homas
2119 2376 2205 2417 Lib.
2228 2375 2301 2416 IV.
2329 2376 2440 2416 Cont-

1379 2438 1496 2476 Gent.
1527 2449 1618 2488 cap.
1642 2435 1705 2488 76.
1737 2435 1752 2485 )

1376 2559 1443 2613 94.
1461 2535 1518 2601 Id
1548 2560 1621 2598 fuit
1649 2559 1689 2598 in
1706 2555 1881 2596 Concilio
1901 2555 2123 2594 Florentino
2152 2555 2348 2607 utriusque
2362 2554 2439 2594 Ec-

1321 2612 1448 2653 clesiae
1484 2616 1666 2662 Graecae,
1707 2613 1936 2663 Latinasque
1979 2623 2181 2648 consensus
2224 2608 2281 2647 his
2311 2609 2438 2648 verbis

1321 2676 1502 2706 statutum
1535 2670 1549 2719 (
1582 2669 1621 2706 in
1659 2666 1778 2704 defin.
1809 2664 1919 2702 Fidei
1950 2664 1990 2713 ):
2034 2661 2098 2700 De
2126 2663 2292 2711 bamus,
2341 2675 2439 2700 san-

1323 2720 1432 2759 ἕῗιιιη
1463 2722 1734 2772 Apostolicam
1777 2718 1950 2766 Sedem,
1992 2717 2042 2758 ὅ)
2108 2729 2304 2754 ornanum
2334 2715 2438 2754 Pon.-

1323 2775 1473 2829 tificem
1506 2779 1546 2812 ιή
1576 2779 1799 2812 universum
1841 2771 1976 2809 orbem
2005 2781 2142 2809 tenere
2182 2775 2405 2822 primatum
2426 2800 2437 2820 ,

1320 2832 1372 2870 &⁶
1401 2834 1530 2880 iprum
1560 2827 1799 2880 Pontificem
1824 2825 2054 2864 Romanum
2082 2837 2355 2862 successorem
2375 2836 2437 2862 es-

1322 2898 1365 2921 se
1395 2883 1440 2921 B.
1474 2883 1578 2920 Petri
1622 2882 1818 2932 Principis
1862 2879 2165 2928 Apostolorum,
2209 2878 2258 2918 (β’
2300 2890 2435 2915 verum

1327 2936 1469 2975 Christi
1501 2935 1729 2982 Vicinium,
1759 2938 1952 2984 totiusque
1980 2931 2179 2970 Ecclesiae
2208 2940 2355 2981 caput,
2385 2931 2434 2979 (J

1318 2995 1500 3030 omnium
1539 2990 1855 3028 Clzrc'vtmnormn
1900 2987 2092 3034 Patrem,
2139 2991 2190 3026 Θ
2218 2983 2432 3022 Βοὲἶονειη

1318 3055 1521 3093 existere,
1551 3045 1600 3085 ὠ
1631 3048 1702 3093 ipcz'
1722 3047 1763 3080 ιἠ.
1784 3042 1831 3080 Β.
1853 3041 1969 3080 Petro
1998 3039 2218 3091 pascendi,
2249 3037 2431 3089 regendi,

1317 3097 1568 3152 gubernandi
1609 3097 1843 3136 Ecclesiam
1885 3094 2178 3142 universalem,
2220 3106 2248 3130 a
2280 3091 2430 3179 Cly-isto

2295 3156 2375 3195 Pe·

1313 3239 1368 3273 his
1394 3245 1512 3282 postea
1538 3234 1632 3270 dedit
1659 3235 1730 3268 Jul.
1752 3235 1855 3268 Laur.
1875 3231 2058 3276 Seivaggio
2084 3229 2119 3262 in
2140 3227 2262 3268 Antia).
2290 3223 2426 3258 Christ.

1316 3286 1403 3319 Inst.
1432 3284 1508 3317 [Ab.
1535 3284 1560 3316 I.
1586 3294 1616 3316 c.
1646 3283 1676 3315 3.
1704 3292 1854 3315 excursu
1882 3282 1907 3313 Ι.

1368 3333 1415 3371 (b)
1441 3329 1520 3364 Vid.
1549 3329 1666 3363 Insere.
1690 3336 1820 3373 pastor.
1847 3326 1887 3360 de
1916 3326 2006 3368 ΜΨ.
2043 3325 2067 3356 l’
2086 3319 2218 3362 Eoeque
2249 3318 2292 3350 de
2320 3315 2426 3349 Seis-

1311 3378 1499 3414 ἐοηΤΓοιιιι
1520 3380 1546 3412 l.
1572 3377 1608 3411 P.
1629 3377 1656 3413 Ι.
1682 3386 1759 3422 cap.
1782 3375 1813 3412 5.
1840 3374 1913 3408 Pat.
1938 3367 2158 3406 Mamercinus
2185 3375 2220 3412 p.
2243 3363 2324 3404 555.
2352 3373 2430 3412 seq.
