2564 3706
735 93 1123 142 REFELLITUst
1156 93 1265 143 VIA
1298 90 1634 149 EXAMINIS.

47 179 211 232 debent,
247 193 293 219 ne
320 186 567 232 quocumque
594 177 711 216 etiam
739 178 1028 229 diligentissimo
1056 178 1161 216 insti-

44 244 128 274 tuto
154 234 330 274 examine
359 230 570 270 fallantur.
599 231 736 270 Sciunt
765 234 891 280 enim,
920 246 958 270 se
989 232 1163 270 homines

48 303 128 328 esse
155 287 274 326 errori
301 284 508 330 obnoxios;
553 285 680 323 vident
709 287 984 324 controversias
1011 286 1058 324 de
1086 285 1162 324 fide

47 355 146 397 pene
171 353 302 378 omnes
344 351 423 377 esse
452 337 583 376 multis
625 338 919 377 difficultatibus
947 339 1163 392 implexas:

45 409 118 435 non
146 395 355 446 ignorant,
383 390 478 430 alios
506 393 686 444 ingenio,
717 392 750 429 8(
779 391 952 432 doetrina
981 403 1165 445 praestan-

47 458 100 488 tes
143 448 185 487 in
213 447 413 494 diversas,
461 459 506 484 ac
535 448 742 485 contrarias
785 447 893 485 abire
935 448 1164 484 sententias:

46 500 239 555 quomodo
267 511 356 552 ergo
384 498 458 538 sibi
488 498 575 538 solis
605 499 763 539 fidentes
779 501 824 538 ad
855 513 944 537 eum
973 501 1167 538 certitudi-

48 556 107 594 nis
134 555 297 607 gradum
327 554 527 605 pervenire
555 562 755 605 poterunt,
785 555 853 607 qui
885 553 931 592 ad
960 553 1088 592 astum
1119 554 1166 592 fi-

48 608 111 647 dei
140 607 377 647 eliciendum
406 615 458 644 est
487 606 751 646 necessarius?

108 675 170 700 10.
200 662 242 701 ld
283 662 413 714 ipsum
442 659 568 698 adhuc
610 661 822 700 evidentius
858 661 1086 714 apparebit,
1134 663 1165 699 si

46 714 285 755 cohaerenter
326 715 375 753 ad
404 714 714 754 Acatholicorum
758 716 951 767 principia
993 715 1166 753 animad-

51 771 262 818 vertimus,
290 767 378 807 fieri
394 781 524 820 posse,
554 777 596 806 ut
625 769 728 806 rudis
750 770 914 807 foemina
943 781 1078 807 verum
1108 782 1166 805 sa-

50 836 127 862 crae
155 823 359 876 scripturae
389 836 538 861 sensum
568 821 720 860 felicius
750 829 998 874 assequatur,
1046 835 1166 872 quam

50 877 167 916 multi
197 875 267 915 alii
296 874 421 925 desti,
451 875 486 913 8(
506 876 720 928 sapientes,
750 876 831 913 imo
860 887 980 926 quam
1009 874 1166 926 integrae

50 931 225 985 Synodi‚
273 943 318 969 ac
347 938 422 969 tota
451 930 533 981 ipsa
563 927 764 967 Ecclesia.
812 927 853 965 Id
896 927 1087 964 confessus
1116 935 1169 964 est

54 984 189 1024 Joann.
217 982 401 1023 Claudius
443 984 485 1020 in
527 994 594 1019 suo
634 980 826 1032 colloquio
867 993 956 1017 cum
996 980 1171 1018 Bossueto

55 1039 149 1090 (a);
195 1037 229 1074 8(
257 1045 386 1090 aperte
413 1048 460 1074 ex
489 1035 662 1088 ipsorum
692 1042 892 1085 systemate
922 1033 994 1071 fuit
1012 1057 1023 1070 .
1070 1033 1171 1071 Cum

52 1094 158 1130 enim
187 1090 336 1139 velint,
379 1087 527 1128 nullam
556 1100 634 1124 esse
663 1087 702 1124 in
730 1085 910 1125 Ecclesia
939 1095 1014 1125 tota
1043 1086 1170 1126 auclo-

51 1147 203 1184 ritatem
223 1154 387 1195 ‘prorsus
417 1139 668 1180 infallibilem
697 1141 974 1193 interpretandi
1007 1141 1169 1179 verbum

52 1200 154 1246 Dei,
201 1203 475 1248 consequenter
501 1193 665 1243 docent,
708 1192 768 1233 vel
799 1197 900 1247 ipsas
929 1194 1171 1233 definitiones

51 1249 322 1291 conciliorum
341 1261 679 1302 quorumcumque
699 1260 771 1286 non
800 1262 876 1286 esse
896 1250 1171 1301 acceptandas,

50 1306 126 1344 nisi
157 1312 361 1357 postquam
390 1303 559 1341 instituto
578 1302 755 1339 examine
775 1304 1010 1350 constiterit,
1040 1316 1101 1342 eas
1116 1317 1172 1341 es·

52 1373 92 1398 se
118 1358 238 1398 verbo
258 1357 333 1395 Dei
352 1356 566 1394 conformes
596 1355 654 1407 (b)
672 1382 683 1393 .
713 1355 756 1393 Si
786 1358 874 1408 quis
902 1370 992 1408 ergo
1020 1371 1081 1394 eas
1101 1371 1173 1410 pu-

52 1421 129 1460 tet,
159 1424 236 1449 non
266 1423 344 1448 esse
364 1409 491 1449 verbo
511 1408 585 1447 Dei
615 1421 826 1458 consonas,
857 1410 1008 1448 easdem
1038 1411 1175 1462 rejice-

51 1475 94 1503 re
125 1465 287 1518 poterit,
317 1463 352 1499 8(
380 1471 653 1516 consequenter
680 1464 927 1512 existimare,
969 1478 1007 1502 se
1036 1465 1174 1506 melius

55 1532 285 1571 germanum
305 1516 435 1555 Sacrae
452 1515 665 1568 Scripturae
685 1531 834 1556 sensum
850 1527 1064 1557 assecutum
1080 1519 1173 1557 fuis-

57 1586 95 1611 se
112 1603 122 1621 ,
151 1585 270 1625 quam
299 1573 463 1624 integras
481 1600 492 1617 ,
529 1570 564 1607 8(
595 1571 830 1609 universales
859 1572 1033 1624 Synodos
1051 1599 1061 1609 .

120 1640 182 1664 11.
210 1624 382 1672 Rursus,
413 1625 443 1661 si
472 1622 554 1661 illae
584 1623 671 1662 falli
699 1634 879 1677 possunt,
917 1639 987 1662 cur
1015 1625 1181 1677 quilibet

57 1681 259 1734 privatus,
289 1677 324 1714 8c
352 1675 556 1728 singularis
570 1674 712 1725 homo,
744 1687 825 1715 utut
854 1678 1118 1727 doctissimus,
1150 1681 1182 1717 i-

60 1735 150 1772 dem
178 1734 225 1771 de
254 1745 292 1770 se
322 1732 404 1784 ipso
423 1743 499 1768 non
527 1730 702 1769 metuat?
731 1730 788 1770 Ac
809 1733 965 1784 proinde
995 1736 1059 1770 via
1079 1746 1181 1770 exa·

60 1790 212 1835 minis,
241 1786 272 1824 si
301 1794 381 1823 tuta
410 1797 484 1823 nou
513 1792 594 1832 est,
623 1785 778 1836 quando
807 1795 881 1824 tota
911 1785 1027 1823 simul
1047 1786 1182 1825 Eccle-

59 1843 118 1880 sia
146 1841 271 1879 eidem
300 1839 470 1877 insistens
498 1836 657 1890 aliquod
686 1839 823 1890 dogma
852 1839 985 1878 definit
1003 1871 1013 1889 ,
1061 1841 1183 1878 multo

61 1896 194 1934 minus
222 1901 302 1932 tuta
330 1891 428 1941 erit,
476 1891 632 1944 quando
674 1894 750 1933 viri
787 1894 955 1946 privati,
996 1896 1184 1947 quamvis

107 2036 167 2072 (a)
195 2029 276 2065 Vid.
303 2029 356 2063 La
374 2027 590 2073 Conference
613 2031 657 2064 cle
675 2029 728 2064 M.
747 2030 896 2067 Bossaec
912 2045 993 2067 avec
1009 2033 1061 2066 M.
1080 2033 1185 2069 Clan-

63 2080 108 2114 (ἴε
135 2079 237 2112 Tom.
255 2077 314 2113 lV.
339 2078 405 2111 des
430 2076 580 2111 Oetwres
598 2076 639 2112 de
653 2079 704 2112 M.
719 2079 864 2113 Bossuet
880 2103 889 2112 .
915 2079 1085 2114 Claudius
1103 2083 1185 2125 qui-

63 2124 145 2159 dein
170 2124 205 2158 id
230 2133 351 2170 postea
375 2124 534 2159 emollire
553 2133 699 2159 conatus
713 2134 789 2166 est,
815 2125 934 2160 dicens
949 2150 960 2167 ,
988 2139 1023 2160 se
1041 2130 1085 2160 (le
1102 2129 1184 2170 sal-

65 2176 116 2206 sis
142 2173 314 2217 Synodis-
334 2172 494 2205 locutum
519 2182 614 2211 esse,
650 2184 728 2216 quae
753 2171 959 2206 hominibus
983 2174 1154 2217 improbis
1171 2196 1182 2213 ,

65 2228 171 2264 atque
196 2218 396 2264 hypocritis
422 2225 607 2251 constant.
634 2217 821 2251 Bossuetus
850 2227 966 2252 tamen
993 2220 1097 2252 facile
1123 2219 1184 2252 de-

62 2266 304 2306 monstravit,
329 2263 366 2298 id
389 2265 498 2297 etiam
523 2262 564 2295 de
591 2268 707 2304 veris,
745 2267 777 2297 δε
802 2266 967 2299 canonice
992 2265 1181 2300 celebratis

64 2312 216 2358 Synodis
236 2313 287 2353 ‚ab
312 2311 389 2355 ipso
404 2310 512 2343 fuisse
530 2321 733 2344 concessum
749 2333 760 2351 ‚
788 2314 819 2344 &
837 2311 978 2346 concedi
997 2311 1156 2351 debuisse
1172 2336 1181 2345 .

63 2358 149 2393 Vid.
176 2359 383 2402 Reflexions
408 2368 464 2390 sur
488 2369 532 2389 un
556 2360 648 2390 ecrit
670 2358 714 2391 de
740 2357 794 2390 M.
820 2358 954 2392 Claude
993 2370 1071 2403 pag·
1101 2360 1180 2394 581.

65 2406 106 2440 in
131 2405 252 2440 eodem
279 2405 382 2438 ‘I'om-
408 2403 470 2436 lV.
510 2403 556 2436 Et
582 2413 676 2437 certe
702 2416 743 2438 ex
770 2405 954 2485 principiis
981 2406 1184 2440 protestan-

65 2452 159 2485 tium
186 2459 271 2483 tunc
295 2449 438 2482 demum
464 2461 739 2494 cognoscemus,
775 2452 934 2496 Synmos
959 2464 1033 2487 esse
1059 2466 1181 2494 ceras,

67 2498 100 2530 δι
124 2497 280 2541 legitime
306 2495 525 2536 celebratas,
562 2497 705 2541 quamdo
728 2501 864 2542 peraeto
888 2500 1060 2534 ,examine
1087 2512 1184 2534 com-

67 2544 245 2588 periemus
261 2564 273 2583 ‚
299 2543 343 2576 ab
368 2542 411 2575 iis
437 2542 486 2575 ita
510 2554 584 2575 esse
610 2543 800 2577 intellectas
817 2565 828 2583 ‚
855 2547 887 2577 δε
912 2546 1104 2589 explicatas
1125 2559 1182 2580 sa—

66 2601 146 2623 cras
172 2589 332 2629 litteras,
365 2587 662 2632 quemadmodum
688 2602 745 2623 eas
772 2591 1042 2634 intelligendas,
1077 2601 1182 2636 atque

67 2634 296 2682 explicandas
321 2646 396 2668 esse
421 2635 521 2668 nobis
547 2635 714 2677 videtui-5*
738 2645 775 2670 ut
795 2636 938 2682 proinde
965 2639 1115 2682 quilibet
1134 2641 1183 2673 ita

66 2681 277 2721 ratiocinari
301 2679 426 2715 debeat
443 2695 451 2713 .-
478 2694 540 2726 ego
561 2683 684 2729 judico
705 2683 791 2716 hunc
805 2705 816 2725 ,
844 2688 884 2717 Θ
903 2697 967 2717 non
985 2688 1087 2719 ulium
1105 2699 1184 2720 esse

71 2730 176 2762 Sacr.
204 2728 392 2772 Scripturae
428 2741 588 2774 sensuum
628 2732 721 2775 atqui
754 2730 824 2764 haec
851 2731 1020 2775 Srnodus
1058 2745 1184 2766 mecum

73 2776 271 2815 consentit,
295 2783 355 2808 aut
377 2788 399 2809 a
423 2788 474 2808 me
499 2774 667 2810 dissentit
685 2791 695 2809 :
738 2790 820 2821 ergo
840 2778 909 2811 lzaec
935 2778 1104 2823 »Sy-nodus
1130 2788 1185 2813 est

74 2835 180 2863 nera,
205 2829 263 2856 aut
287 2829 339 2856 est
354 2821 481 2866 salsa.
506 2822 554 2855 Et
580 2823 630 2856 sic
655 2824 762 2857 etiam
779 2823 821 2858 de
842 2833 913 2858 tota
932 2825 1089 2859 Ecclesia
1116 2827 1189 2860 col-

74 2869 182 2913 ligere
208 2867 335 2918 debent
352 2890 363 2910 ,
388 2869 604 2914 quicumque
629 2871 777 2911 volunt,
813 2884 854 2905 ex
881 2870 1032 2905 doctrina
1059 2883 1188 2917 cogno-

76 2913 241 2949 scendam
267 2927 341 2948 esse
367 2928 477 2949 veram
501 2916 697 2951 Ecclesiam
714 2940 724 2959 ‚
750 2917 939 2952 doaz-inam
965 2927 1081 2952 autem
1107 2932 1188 2964 pro-

73 2962 156 3008 prio
179 2961 334 2995 examini
373 2960 593 3005 subjiciunt·
636 2965 765 2998 Confer
791 2966 970 2999 Nicolium
998 2966 1099 2999 Tom.
1127 2967 1186 3000 111.

77 3010 142 3043 des
167 3009 317 3041 Oeuures
343 3009 386 3040 cle
412 3016 631 3042 controvers-e
657 3023 686 3043 c.
716 3012 750 3044 6.
777 3016 809 3045 8:
834 3025 905 3057 seq.

128 3055 176 3094 (b)
207 3054 377 3089 Calvinus
403 3054 482 3087 Lib.
503 3055 563 3088 lv.
589 3055 745 3091 Institizt.
772 3070 848 3104 cap.
869 3071 904 3103 9.
929 3068 1114 3104 postquam
1135 3060 1189 3092 vi-

79 3112 140 3134 sus
167 3109 256 3135 esset
284 3101 523 3137 Conciliornln
562 3103 799 3147 auctoritatem
827 3107 1014 3146 venerari,
1053 3106 1101 3139 ita
1128 3105 1188 3138 de-

80 3158 181 3181 mum
203 3148 352 3181 statuit:
390 3151 530 3192 ‹suotief
548 3148 701 3183 Cone-ilii
726 3153 874 3199 alicujus
910 3155 1084 3187 decretum
1108 3165 1187 3195 pro-

75 3193 220 3238 fertur,
244 3195 393 3238 expendi
416 3197 558 3239 primum
582 3196 773 3240 diligenter
800 3202 923 3241 velim,
955 3213 1016 3244 qno
1041 3208 1186 3241 tempore

78 3241 234 3273 habitam
255 3245 329 3281 sit,
370 3255 433 3285 qna
457 3244 500 3275 de
527 3255 630 3276 cansa
655 3243 800 3278 habitum
815 3267 827 3286 ‚
852 3250 893 3280 (θ’
919 3261 980 3290 «sizo
1005 3249 1153 3280 consilio
1174 3262 1187 3285 ;

84 3289 202 3332 quales
227 3286 380 3320 homines
406 3289 652 3334 intersiierint;
691 3292 818 3325 deinde
851 3295 940 3329 illud
973 3298 1078 3337 ipsum
1096 3315 1105 3333 ,
1142 3295 1186 3326 (lc

83 3346 147 3380 quo
172 3337 313 3377 agitur,
337 3336 384 3366 ad
409 3336 593 3377 Scriptura
619 3340 774 3371 amussim
793 3344 1005 3382 examinari,
1032 3342 1130 3385 idque
1150 3344 1186 3374 in

188 3378 433 3435 Gazzanz'ga
463 3381 596 3425 Theol.
627 3383 740 3425 Tom.
762 3385 792 3426 Ι.

2201 98 2282 140 [55

1228 172 1465 223 doctissimi,
1511 188 1555 212 ea
1585 183 1742 213 utuntur
1759 173 1775 224 ‚⁹
1812 185 2012 232 tamquam
2041 178 2173 231 regula
2199 176 2249 216 ad
2275 177 2343 217 do-

1228 237 1355 281 gmata
1374 228 1466 266 fidei
1486 228 1739 276 invenienda,
1769 229 1802 266 8(
1817 232 2097 275 determinanda
2116 259 2126 270 .
2156 230 2245 279 Quo
2261 240 2343 270 tan-

1231 284 1318 320 dem
1348 282 1438 330 fiet,
1469 290 1508 319 ut
1535 290 1610 320 tota
1638 291 1762 319 nostra
1791 285 2023 326 sanetissima
2052 288 2186 339 religio
2215 286 2255 324 in
2286 286 2343 322 iu-

1231 346 1333 374 certo
1364 334 1548 383 ssustuet,
1579 349 1701 388 neque
1723 334 1801 374 ulla
1821 337 1866 374 de
1896 339 1976 390 ejus
2005 338 2246 393 dogmatibus
2274 338 2343 376 ha-

1232 390 1315 428 beri
1346 390 1459 442 possit
1487 388 1630 438 firma,
1659 388 1694 426 8(
1722 389 1869 428 stabilis
1898 391 1990 430 fides
2008 419 2018 431 .

1295 457 1355 481 12.
1388 443 1571 492 Accedit,
1618 442 1690 482 hoc
1719 443 1941 495 dogmatum
1979 457 2109 486 nostrae
2139 446 2347 502 Religionis

1235 511 1396 535 examen
1427 498 1464 535 in
1492 505 1691 550 systemate
1721 498 2064 549 Adversariorum,
2093 516 2139 540 ex„
2168 505 2244 544 solo
2263 512 2349 539 ver·-

1235 550 1284 588 bo
1314 550 1387 589 Dei
1417 551 1556 603 scripto
1586 551 1670 590 fieri
1698 560 1899 604 oportere,
1946 555 2049 607 quod
2078 557 2235 599 unicam
2271 574 2350 598 esse

1235 605 1364 647 dicunt
1394 603 1485 643 fidei
1514 614 1651 644 nostrae
1673 604 1925 645 infallibilem
1955 608 2154 660 regulam,
2185 611 2220 649 8.(
2247 611 2351 664 judi-

1234 671 1316 696 cem
1335 672 1346 703 3
1377 659 1406 695 si
1436 659 1538 696 enim
1555 661 1754 698 ratiocinia
1776 659 1946 700 humana
1965 663 2201 703 admisceant
2217 696 2228 714 ,
2257 680 2349 706 οιιιη

1236 710 1318 748 liaec
1349 725 1426 750 non
1454 713 1528 750 sint
1571 714 1733 752 verbum
1765 713 1866 762 Dei,
1915 729 1987 754 non
2029 717 2199 769 amplius
2229 733 2315 761 eam
2338 752 2349 770 ‚

1235 777 1322 816 qum
1354 767 1562 816 requiritur
1592 768 1631 805 in
1662 768 1777 805 rebus
1806 768 1924 817 fidei,
1961 773 2228 811 certitudinem
2258 788 2349 814 con-

1236 817 1342 868 sequi
1374 827 1576 868 poterunt.
1627 822 1672 859 At
1703 835 1791 860 vero
1820 822 1917 860 nihil
1959 825 2091 863 minus
2119 836 2278 880 apparet
2306 830 2351 868 iu

1235 871 1477 909 examinibus
1494 903 1504 920 ,
1534 887 1623 926 quae
1652 875 1697 912 de
1719 875 1913 927 religionis
1933 877 2173 930 dogmatibus
2203 882 2278 937 ipsi
2294 883 2352 921 in-

1237 924 1392 960 stituunt
1410 954 1420 971 ,
1451 924 1484 960 8(
1513 928 1655 979 saepius
1684 932 1876 980 provocati
1907 946 1929 969 a
1958 931 2191 983 Catholicis,
2241 944 2281 973 ut
2309 938 2354 974 ex

1239 975 1354 1024 solis,
1385 986 1498 1030 atque
1527 983 1712 1032 ‚expressis
1741 996 1858 1020 sacrae
1887 984 2100 1038 Scriptum:
2130 989 2257 1028 verbis
2271 1004 2356 1029 ina-

1238 1030 1374 1068 nise-ste
1402 1033 1597 1070 ostendant
1614 1063 1623 1080 ,
1656 1034 1713 1071 vel
1736 1049 1856 1073 unum
1885 1038 2021 1089 dogma
2050 1055 2071 1077 a
2093 1040 2265 1082 Romana
2281 1043 2357 1082 Ec-

1240 1083 1356 1122 clesia
1385 1085 1574 1122 creditum
1604 1099 1681 1124 esse
1711 1087 1880 1136 falsum,
1924 1101 1986 1128 aut
2016 1107 2137 1131 unum
2174 1109 2218 1132 ex
2248 1098 2358 1136 novis

1241 1138 1413 1189 ipsorum
1443 1136 1627 1178 doctriua:
1649 1141 1840 1192 capitibus
1869 1156 1947 1179 esse
1968 1145 2175 1184 articulum
2205 1148 2294 1186 fidei
2310 1150 2358 1187 ad

1241 1191 1402 1229 salutem
1423 1194 1676 1231 necessarium
1697 1224 1707 1242 ,
1738 1193 1916 1234 hactenus
1933 1195 2025 1236 huic
2054 1207 2131 1237 tam
2161 1199 2271 1250 j'ustae
2294 1216 2358 1254 pe*

1240 1246 1361 1282 titioni
1391 1247 1607 1284 satisfacere
1636 1261 1710 1284 non
1732 1257 1958 1300 potuerunt.
1988 1251 2149 1303 Semper
2178 1256 2283 1292 enim
2312 1255 2359 1294 ad

1243 1298 1328 1337 liaec
1359 1299 1556 1350 probanda
1587 1309 1746 1339 utuntur
1776 1303 2181 1355 interpretationibus,
2229 1321 2359 1347 conse·

1242 1353 1433 1405 quentiis,
1465 1352 1499 1388 8(
1528 1355 1764 1404 ratiociniis,
1795 1370 1883 1408 quae
1903 1370 1975 1396 non
2006 1370 2090 1397 sunt
2119 1361 2245 1413 ipsum
2275 1376 2361 1400 ver-

1242 1406 1338 1445 bum
1353 1406 1427 1444 Dei
1449 1406 1681 1457 infallibile,
1712 1410 1774 1446 sed
1806 1409 1945 1459 verba,
1977 1412 2009 1449 8(
2031 1415 2271 1466 cogitationes
2292 1416 2359 1453 ho-

1243 1460 1420 1508 minum,
1451 1462 1489 1498 in
1520 1461 1661 1513 quibus
1691 1463 1849 1515 proinde
1878 1478 1917 1503 so
1947 1465 2030 1504 falli
2060 1481 2166 1519 posse
2194 1469 2358 1521 pruden-

1243 1522 1298 1551 ter
1328 1523 1494 1552 metuere
1522 1514 1703 1553 deberent
1733 1516 1790 1568 (c)
1808 1543 1818 1555 .

1309 1568 1368 1606 15.
1400 1567 1532 1619 Neque
1563 1582 1652 1606 vero
1692 1571 1804 1608 nobis
1851 1581 2051 1622 regeram,
2098 1576 2213 1613 etiam
2257 1576 2361 1629 apud

1248 1620 1491 1670 Catholicos,
1535 1623 1614 1660 imo
1643 1624 1745 1675 apud
1774 1626 1874 1677 ipsos
1904 1625 1945 1664 S.
1976 1626 2100 1666 Patres
2145 1629 2240 1670 hauc
2282 1632 2366 1668 meu*

1250 1673 1408 1712 thodum
1437 1675 1635 1714 obtinere.
1673 1677 1854 1716 Libenter
1883 1682 1986 1717 enim
2020 1682 2056 1718 id
2087 1685 2359 1728 conc-edituum

1250 1736 1287 1766 at
1319 1729 1419 1766 ineo
1440 1739 1597 1781 apparet
1625 1731 1832 1769 discrimen
1851 1761 1862 1779 ‚
1891 1735 1993 1786 quod
2023 1745 2147 1774 nestra
2178 1738 2270 1775 fides
2286 1750 2362 1775 uon

1238 1783 1435 1821 -innitatur
1464 1782 1686 1834 hujusmodi
1716 1787 1952 1835 ratiociniis,
1991 1788 2050 1825 vel
2082 1791 2363 1841 interpretatio-

1250 1836 1393 1884 nibus,
1436 1837 1501 1874 sed
1542 1836 1689 1888 judicio
1720 1838 1902 1877 Ecclesi-:e
1924 1871 1934 1888 ,
1978 1842 2042 1879 cui
2072 1841 2240 1894 Spiritus
2269 1843 2364 1882 Sam

1254 1889 1333 1927 &us
1361 1899 1501 1944 praesto
1530 1903 1678 1944 semper
1709 1900 1790 1941 est,
1821 1906 1868 1932 ne
1898 1902 2024 1932 erret.
2066 1895 2207 1936 Contra
2235 1907 2362 1936 autent

2256 1951 2310 1990 Α-

1252 2043 1325 2064 eum
1348 2031 1480 2064 modum
1494 2052 1505 2071 2
1531 2038 1563 2064 ut
1591 2030 1747 2066 Concilii
1770 2033 1935 2077 definitio
1952 2036 2083 2078 pondus
2103 2049 2197 2069 suum
2216 2037 2369 2078 habeat,

1253 2082 1363 2121 sitque
1391 2080 1500 2111 instar
1523 2079 1742 2124 pra-judicii:
1771 2093 1877 2123 neque
1901 2089 2033 2120 tarnem,
2059 2084 2146 2124 quod
2171 2084 2272 2123 diri,
2299 2088 2368 2123 ini-5

1250 2125 1392 2167 perlicit.
1419 2124 1473 2156 En
1499 2123 1673 2168 quomodo
1695 2122 1819 2158 debeat
1845 2126 1995 2170 quilibet
2021 2126 2063 2160 de
2090 2129 2257 2162 Conciliis
2278 2130 2364 2174 ipsis

1250 2168 1410 2215 judicare
1427 2193 1434 2200 .

1297 2220 1345 2254 (ι)
1372 2216 1516 2248 Praestat
1542 2215 1607 2249 hoc
1624 2217 1742 2261 aliquo
1758 2218 1919 2262 exemplo
1937 2218 2144 2253 confirmare
2159 2243 2167 2252 .
2195 2221 2366 2256 cateche-

1251 2263 1298 2295 sis
1327 2261 1630 2305 Heidelbergensis
1656 2264 1798 2297 Domin.
1825 2266 1996 2298 xxviii.
2021 2278 2056 2310 q.
2087 2278 2120 2310 7.
2150 2267 2295 2312 loquens
2321 2268 2364 2302 de

1252 2309 1495 2342 communione
1512 2309 1577 2343 sub
1591 2319 1740 2355 utraque
1753 2312 1892 2355 specie,
1918 2313 2081 2346 Christus
2095 2335 2105 2353 ,
2132 2314 2272 2358 inquit,
2298 2328 2363 2356 me,

1252 2358 1292 2388 (9¹
1317 2369 1431 2389 onmes
1456 2357 1500 2388 (le
1525 2360 1649 2400 poculo
1673 2359 1860 2391 distributo
1885 2359 2000 2392 bibere
2018 2360 2131 2406 jussit
2158 2365 2193 2393 in
2221 2366 2273 2394 sui
2292 2375 2366 2406 mes

1251 2405 1408 2435 moriam.
1437 2403 1471 2434 Si
1498 2411 1617 2436 autem
1644 2405 1866 2439 sciscitemur
1883 2427 1893 2446 ‚
1921 2406 2066 2439 ubinam
2092 2408 2265 2452 scriptum
2292 2409 2364 2448 sit,

1250 2463 1365 2482 omnes
1383 2448 1521 2492 fideles
1546 2449 1660 2494 jussos
1687 2462 1759 2485 esse
1784 2450 1825 2484 de
1852 2453 1974 2497 poculo
1994 2453 2139 2494 bibere,
2166 2455 2363 2498 allegantur

1251 2496 1372 2529 statim
1401 2496 1508 2529 verba
1535 2496 1668 2530 Christi
1696 2497 1825 2531 Matth.
1854 2500 1988 2532 XXVI.
2017 2511 2099 2543 27.:
2128 2502 2232 2534 bibite
2258 2515 2300 2534 ex
2325 2515 2366 2535 eo

1252 2556 1390 2576 omnes.
1418 2544 1463 2576 At
1491 2554 1597 2583 vero,
1623 2546 1873 2589 reponentibus
1901 2545 2092 2580 Catholicis
2109 2568 2120 2587 ‚
2154 2546 2231 2581 lizec
2256 2548 2385 2583 verba

1253 2593 1401 2634 spectare
1439 2587 1482 2622 ad
1509 2590 1692 2634 Apostolos
1709 2613 1718 2630 ‚
1757 2604 1824 2624 non
1852 2602 1969 2625 autem
1997 2593 2038 2625 ad
2076 2606 2196 2627 omnes
2223 2594 2365 2636 fideles,

1252 2644 1445 2681 provocant
1472 2635 1515 2669 ad
1540 2637 1657 2670 locum
1680 2638 1777 2670 Pauli
1801 2640 1824 2671 l.
1852 2638 1892 2671 ad
1912 2640 2071 2673 Corinth.
2093 2642 2155 2674 xi.
2172 2642 2226 2674 23.
2247 2645 2363 2687 &seq-

1252 2682 1354 2726 Quod
1381 2684 1409 2715 si
1436 2683 1565 2716 iterum
1591 2693 1787 2728 cogantur,
1813 2693 1851 2718 ut
1877 2697 1917 2719 ex
1940 2687 2034 2719 Pauli
2054 2688 2228 2732 expressis
2247 2689 2365 2723 verbis

1252 2741 1314 2763 nos
1340 2728 1485 2763 doceant
1502 2752 1512 2770 ‚
1538 2730 1744 2765 mandatum
1771 2743 1843 2764 esse
1869 2734 2021 2766 omnibns
2043 2734 2215 2776 fidelibus
2239 2734 2282 2768 de
2307 2748 2366 2769 ca·

1251 2775 1318 2809 lice
1345 2776 1463 2809 bibere
1478 2798 1489 2816 ,
1516 2776 1700 2811 haerebunt
1717 2799 1728 2818 ,
1755 2781 1786 2810 &
1804 2777 1845 2811 ad
1866 2779 2073 2820 ratiocinia,
2100 2783 2131 2813 &
2150 2793 2365 2827 consequen-

1256 2823 1322 2856 tias
1349 2823 1572 2867 confugient.
1601 2825 1645 2858 Et
1672 2825 1720 2857 ita
1745 2836 1780 2857 se
1808 2836 1861 2857 res
1884 2825 1992 2859 habet
2020 2827 2054 2858 in
2071 2829 2235 2862 ominbus
2261 2830 2364 2873 plane

1256 2871 1528 2911 controversiis,
1554 2879 1592 2904 ut
1616 2869 1843 2904 ostenderunt
1869 2873 1978 2905 nostri
1995 2871 2162 2917 'I‘heologi
2178 2896 2189 2915 ‚
2215 2887 2254 2908 ac
2272 2876 2366 2910 inter.-

1257 2916 1342 2949 alios
1368 2915 1590 2957 Hadrianus,
1618 2921 1649 2950 ἅ-
1676 2918 1798 2950 Petrus
1827 2918 1967 2952 Fratres
1992 2918 2034 2952 de
2061 2922 2301 2956 Walenhurch
2329 2923 2364 2956 iu

1255 2962 1425 2995 Methodo
1459 2963 1712 3008 Aiiguseiniana
1749 2965 1784 2997 P.
1812 2966 1855 2998 ll.
1893 2978 1969 3011 cap.
1998 2967 2030 3000 3.
2070 2968 2186 3001 Multa
2222 2969 2364 3014 quidem

1256 3010 1466 3049 conserunt,
1504 3020 1542 3043 ut
1567 3009 1752 3044 ostendant
1788 3012 1822 3044 in
1847 3012 2039 3058 Scriptura}
2076 3013 2364 3060 interpretatione

1256 3067 1353 3100 posse
1382 3068 1439 3089 nos
1467 3057 1517 3089 uti
1548 3057 1741 3091 ratiociniis
1757 3079 1768 3098 ‚
1794 3059 1902 3092 etiam
1919 3059 2200 3106 philosophicis,
2224 3074 2285 3097 nec
2303 3074 2365 3105 ego

1258 3113 1433 3146 repugno.
1460 3102 1524 3136 Sed
1552 3112 1668 3138 tamen
1695 3116 1831 3150 semper
1850 3117 1973 3140 verum
1993 3116 2069 3147 est,
2096 3119 2151 3141 eos
2172 3121 2238 3142 non
2265 3109 2362 3152 sequi.

1258 3149 1393 3188 solam,
1435 3153 1465 3181 ἃ
1492 3148 1619 3184 nudam
1647 3152 1722 3185 Sac.
1747 3152 1992 3197 Scripturam,
2027 3166 2105 3199 quae
2131 3164 2182 3189 est
2217 3155 2361 3188 verbum

1256 3195 1319 3227 Dei
1347 3195 1559 3237 infallibile,
1583 3207 1621 3231 ut
1647 3196 1690 3231 ad
1716 3198 1901 3244 capiendos
1922 3201 2100 3245 imperitos
2126 3201 2276 3246 profiteri
2296 3212 2363 3234 non

1257 3240 1447 3282 desinunt5
1473 3242 1532 3276 sed
1546 3256 1626 3278 suas
1646 3246 1953 3290 interpretationes
1970 3270 1979 3288 ,
2005 3251 2036 3279 &c
2056 3247 2258 3285 ratiocinia,
2283 3259 2362 3291 quae

1256 3288 1417 3322 lux-manee
1445 3300 1525 3326 sunt
1552 3292 1782 3337 cogitationes
1809 3295 1921 3329 errori
1945 3294 2125 3328 obnoxiae.

1766 3400 1814 3427 20
