2564 3706
222 123 309 167 228

158 209 212 237 est
241 209 322 237 nota
343 195 529 236 Ecclesiae
547 222 557 235 .
588 197 714 248 Vide,
744 213 833 253 quae
853 200 953 239 dista
983 210 1069 239 sunt
1098 200 1274 251 superius

160 266 197 290 n.
223 265 285 301 72.
317 252 360 299 ).

209 305 301 343 555.
333 304 425 356 Obj.
454 306 566 343 tertio
594 315 724 345 contra
754 308 943 346 miracula
975 309 1014 345 in
1044 314 1166 343 nostra
1196 304 1272 343 Ec-

150 356 265 396 clesia
295 358 421 404 edita;
452 358 486 395 &
508 360 632 411 primo
660 362 892 400 contendunt
909 392 918 405 ,
949 374 992 398 ea
1008 372 1085 396 esse
1113 367 1177 396 aut
1197 358 1272 396 fal-

149 423 216 460 εει,
247 421 312 450 aut
342 411 525 461 fallacia,
555 413 687 466 qualia
716 415 766 453 ab
795 415 993 460 Etlmicis,
1039 412 1270 461 Haereticis‚

151 474 215 503 aut
236 464 363 517 Magis
394 468 536 519 saepius
566 467 666 506 faila
694 467 869 519 leguntur
887 494 896 504 .
927 465 1077 504 Deinde
1107 465 1241 503 dicunt
1259 496 1269 514 ,

151 519 226 567 iis,
273 533 363 571 quae
394 534 483 559 vera
515 530 631 569 sunt,
679 520 899 558 confirmari
933 533 1004 556 nou
1033 521 1165 557 omnia
1194 519 1271 558 Ec—

150 570 279 609 elesiae
311 583 444 611 nostrae
466 575 660 626 dogmata,
691 574 753 610 sed
781 588 824 611 ea
846 572 970 610 solum
988 603 999 620 ,
1029 586 1117 625 quae
1147 575 1186 611 in
1208 588 1271 612 ea-

149 625 236 663 dem
268 626 442 666 Ecclesia
471 642 516 666 ex
547 625 793 679 prophetica,
832 626 866 663 ἃ
896 625 1104 679 apostolica
1134 626 1272 666 doetri-

152 693 203 719 na
234 691 454 719 conservata
484 683 665 719 fuerunt.

206 733 296 772 556.
329 734 517 787 Respond.
548 733 687 785 primae
716 732 926 785 objeffioni
958 735 1056 786 parti
1087 743 1160 773 tres
1189 748 1267 773 esse

148 789 398 826 secernendus
426 786 732 834 miraculorum,
775 802 864 839 quae
894 797 1122 838 narrantur,
1170 788 1268 827 clas-

148 853 206 878 ses
225 867 236 879 .
284 841 427 892 Aliqua
457 849 541 877 sunt
570 849 696 892 aperte
725 840 851 890 falsa,
900 841 933 878 ἃ
971 843 1235 881 commentitia
1256 873 1268 892 ,

146 907 238 946 quse
269 895 522 931 communiter
551 909 572 932 a
602 895 696 932 viris
724 894 871 944 donis,
915 896 950 933 8<
981 898 1055 949 piis
1085 896 1270 949 rejiciun-

147 956 231 995 tur,
261 947 438 998 quamvis
468 947 634 986 fortassis
663 962 685 987 a
715 949 986 998 mulierculis,
1034 950 1096 991 vel
1127 951 1270 1004 aliqui-

143 998 218 1038 bus
247 1000 333 1037 aliis
362 999 584 1040 hominibus
613 1002 654 1040 iu
684 1003 870 1056 religione
901 1004 1002 1043 male
1032 1004 1198 1054 edostis,
1229 1015 1269 1044 ut

144 1066 235 1090 vera
265 1053 490 1102 credantur,
534 1054 569 1091 8(
599 1058 742 1107 passim
773 1068 997 1097 narrentur.
1037 1059 1126 1098 Alia
1170 1059 1268 1098 bene

147 1105 271 1144 multa
301 1116 384 1145 sunt
413 1108 557 1156 dubia,
606 1109 640 1144 8<
668 1112 814 1150 incerta
833 1142 843 1159 ,
891 1126 981 1163 quae
1011 1112 1101 1150 licet
1137 1122 1268 1165 aperte

143 1160 243 1198 falsa
273 1173 350 1197 non
378 1161 449 1199 sint
468 1192 479 1210 ,
526 1163 615 1200 satis
644 1172 771 1202 tamen
810 1165 980 1216 probatis
1009 1168 1267 1203 monumentis

143 1226 216 1250 non
247 1213 492 1261 innituntur3
522 1230 690 1269 quaeque
721 1219 881 1269 proinde
911 1233 978 1256 nec
1009 1219 1124 1255 facile
1154 1218 1266 1269 rejici

141 1266 305 1315 debent,
336 1281 402 1305 nec
432 1278 572 1306 temere
602 1271 732 1308 credi.
763 1271 838 1309 Sed
867 1270 927 1308 liis
955 1270 1106 1309 duabus
1134 1271 1266 1310 classi-

144 1318 219 1358 bus
248 1323 542 1372 praetermissis,
573 1321 648 1360 alia
670 1332 758 1360 sunt
787 1336 859 1361 nec
887 1338 1039 1376 pauca,
1070 1333 1184 1376 atque
1207 1326 1265 1363 in-

141 1380 198 1410 ter
227 1374 296 1411 ista
326 1375 506 1424 quaedam
536 1388 613 1413 non
643 1376 854 1415 admodum
884 1378 1069 1429 antiqua,
1101 1379 1181 1416 imo
1211 1380 1266 1416 fe-

141 1439 182 1464 re
211 1427 461 1478 quotidiana,
509 1442 598 1480 quae
630 1429 806 1481 plurium
825 1460 835 1479 ,
884 1430 917 1468 8<
948 1431 1024 1469 fide
1060 1432 1266 1484 dignorum

140 1480 364 1517 testimoniis
394 1482 444 1518 ita
466 1482 708 1532 probantur,
739 1493 779 1523 ut
808 1500 828 1522 a
861 1486 944 1522 viro
972 1486 1126 1524 cordato
1154 1485 1265 1538 rejici

139 1543 358 1585 nequeant,
405 1533 539 1590 qualia
569 1547 655 1575 sunt
683 1551 755 1587 ea,
793 1553 882 1593 quae
913 1541 951 1577 in
981 1539 1267 1579 beatificatione

141 1599 340 1625 servorum
371 1587 474 1636 Dei,
505 1602 716 1644 eorumque
745 1594 1032 1632 canonizatione
1061 1596 1267 1646 requirun-

138 1648 227 1678 tur.
267 1640 397 1679 Primo
426 1643 532 1681 enim
562 1644 853 1697 diligentissime
883 1648 1097 1700 inquiritur
1126 1649 1172 1687 de
1201 1663 1266 1687 ve-

139 1695 251 1732 ritate
280 1708 413 1734 eorum
431 1726 441 1744 ,
490 1711 579 1749 quae
608 1699 839 1738 SanElorum
871 1703 1135 1740 intercessione
1166 1702 1266 1742 fa&a

139 1748 353 1788 d-icuntur.
381 1749 587 1804 Postquam
617 1763 746 1791 autem
775 1754 915 1794 dehac
945 1757 1103 1795 veritate
1133 1759 1265 1795 certis-

137 1802 236 1840 sime
265 1805 498 1854 constiterit,
537 1806 644 1846 aliud
674 1809 881 1847 instituitur
910 1824 984 1848 non
1014 1813 1145 1849 minus
1173 1811 1263 1851 dili-

142 1868 235 1906 geus
265 1869 424 1895 examen
442 1888 451 1905 ‚
484 1874 531 1897 an
560 1875 603 1898 ea
621 1891 632 1910 ,
667 1877 757 1913 quae
788 1864 957 1902 evenisse
986 1865 1158 1903 dubitari
1188 1878 1266 1906 non

141 1917 292 1969 potest,
339 1923 384 1947 ex
414 1911 613 1963 aliquibus
642 1915 887 1954 naturalibus
916 1920 1039 1956 causis
1074 1920 1169 1956 oriri
1198 1933 1265 1970 po-

143 1970 311 2010 tuerint,
341 1978 390 2001 an
419 1967 542 2016 potius
563 1968 845 2018 supernaturali
876 1971 1009 2007 virtuti
1038 1973 1113 2009 sint
1140 1974 1265 2008 omni-

138 2028 191 2054 uo
219 2016 501 2056 adscribenda.
544 2019 629 2057 Nisi
659 2021 706 2058 de
736 2031 821 2059 utro
849 2024 1062 2061 certissime
1091 2032 1264 2071 constet,

141 2068 249 2105 nulla
281 2070 469 2107 miracula
501 2073 781 2111 admittuntur.
824 2075 908 2112 Non
937 2085 989 2112 est
1018 2077 1164 2127 igitur,
1196 2090 1266 2114 cur

140 2121 350 2160 adversarii
380 2136 425 2160 ex
457 2123 556 2162 fictis
584 2126 847 2177 quibusdam,
879 2127 1163 2180 fallacibusque
1193 2131 1266 2166 ini-

140 2175 310 2222 raculis,
341 2189 429 2228 quae
459 2190 527 2216 nos
556 2192 711 2232 quoque
741 2181 1015 2232 repudiamus,
1059 2181 1119 2219 vel
1150 2183 1266 2220 etiam

141 2241 192 2285 ex·
218 2229 346 2267 dubiis
376 2244 510 2270 ansam
539 2233 757 2286 arripiant,
806 2249 897 2274 vera
919 2264 930 2284 ,
980 2234 1014 2272 &
1053 2236 1267 2275 certissima

137 2283 373 2333 rejiciendi.

197 2336 290 2388 557.
324 2337 525 2384 Quantum
546 2340 593 2379 ad
624 2342 865 2391 secuudum,
896 2344 986 2382 satis
1007 2352 1058 2382 est
1088 2343 1268 2383 observa·

139 2402 209 2438 re,
257 2392 386 2442 primo
415 2394 497 2432 sine
529 2393 609 2433 ullo
651 2410 804 2449 prorsus
835 2397 1085 2437 fundamento
1120 2399 1267 2447 asseri,

139 2443 331 2482 miracula
373 2459 450 2484 esse
481 2448 579 2486 edita
609 2450 657 2487 ad
685 2451 1000 2489 confirmandum
1044 2465 1165 2492 uuum
1196 2465 1265 2504 po-

138 2498 241 2545 tins,
290 2513 408 2551 quam
439 2499 546 2540 aliud
576 2502 762 2542 Ecclesiae
794 2515 930 2543 nostrae
959 2506 1124 2557 dogma3
1173 2519 1264 2544 cum

139 2563 230 2589 vere
261 2551 360 2592 fausta
389 2555 491 2603 sint,
523 2564 563 2593 ut
593 2557 881 2610 intelligamus,
928 2570 1098 2598 nostram
1128 2559 1264 2598 Eccle-

140 2606 236 2643 siam
269 2621 352 2644 eam
385 2609 508 2660 ipsam
529 2624 634 2659 esse,
667 2612 706 2649 in
737 2627 814 2665 qua
843 2622 1066 2665 potestatem
1096 2615 1267 2654 miracu-

140 2657 266 2697 lorum
309 2675 512 2714 nunquam
543 2665 764 2705 defuturam
793 2666 967 2706 Christus
996 2667 1079 2720 ejus
1107 2682 1267 2720 sponsus

141 2715 344 2764 promisit.
390 2717 539 2755 Deinde
569 2717 724 2769 Sansti,
754 2721 803 2759 ad
832 2735 999 2774 quorum
1030 2723 1264 2761 intercessio-

142 2778 229 2803 nem
261 2769 448 2808 miracula
478 2772 578 2810 edita
598 2784 712 2822 sunt,
741 2778 873 2813 omnia
903 2789 948 2814 ea
976 2776 1154 2828 dogmata
1174 2789 1264 2830 pro-

143 2817 376 2870 fitebantur,
406 2838 495 2877 qnae
527 2837 650 2865 nostra
680 2828 808 2867 Mater
827 2828 1002 2868 Ecclesia
1022 2823 1155 2868 docet.
1186 2830 1265 2869 De·

142 2883 253 2909 mum
276 2873 460 2916 habemus
490 2879 602 2930 plura
624 2882 813 2921 miracula
832 2913 843 2931 ,
873 2883 1017 2936 quibus
1033 2883 1263 2923 Sanctorum

143 2924 300 2985 cultus,
331 2935 521 2985 veneratio
548 2934 832 2988 reliquiarum,
863 2952 908 2976 ac
937 2952 1133 2976 sacrarum
1164 2939 1263 2977 ima-

143 2991 276 3038 ginum
295 3008 305 3026 ,
335 2983 513 3042 suffragia
533 2988 798 3028 defunctorum
816 3021 826 3040 ,
857 2992 1044 3031 confessio
1064 2992 1268 3033 auricula-i

144 3044 224 3092 ris,
257 3045 456 3083 praeseutia
484 3040 596 3079 realis
623 3044 800 3095 Corporis
830 3043 971 3084 Christi
1002 3047 1041 3083 in
1071 3045 1263 3085 Euchari-

146 3094 229 3124 stlae
250 3087 499 3126 sacramento
516 3120 526 3136 a
557 3107 714 3148 eiusque
735 3099 905 3137 adoratio
926 3130 937 3149 ,
967 3100 1002 3136 ἃ
1030 3100 1110 3139 alia
1130 3100 1266 3139 Eccle-

144 3140 215 3232 -Eiae
244 3150 382 3231 uoitrae
412 3142 587 3195 dogmata
623 3149 671 3186 ab
699 3151 901 3193 Haereticis
930 3163 1149 3207 oppugnata
1177 3168 1265 3194 con-

181 3207 290 3232 rinan
312 3208 355 3232 ur
371 3221 381 3233 .

203 3246 297 3286 558.
328 3247 469 3310 Dices.
506 3250 613 3289 Notae
643 3252 828 3293 Ecclesiae
858 3259 996 3299 debent
1024 3276 1102 3301 esse
1130 3276 1264 3315 perpe-

150 3307 259 3360 tnoe3
289 3310 395 3354 atqui
426 3304 704 3345 miraculorum
733 3308 853 3359 gloria
881 3312 1030 3362 jamdiu
1060 3318 1100 3355 in
1130 3316 1265 3355 Eccle-

147 3366 208 3400 aa
252 3357 435 3406 cessavit3
482 3358 586 3412 quod
630 3361 822 3407 consessus
867 3374 920 3406 est
966 3366 1008 3409 S.
1035 3369 1093 3411 Jo.
1141 3370 1267 3424 Chry-

635 116 787 163 PARS
820 118 875 164 11.
908 115 1313 164 DISSERTATIO
1345 114 1428 159 111.
1461 114 1591 158 CAP.
1626 116 1727 160 VII.
1761 118 1905 162 Ait'r.
1940 117 2030 166 IV.

1340 205 1522 234 sostomus
1571 195 1686 233 Hom.
1727 196 1873 235 XLIX.
1922 200 1961 236 in
2006 198 2147 238 Manli.
2176 209 2186 236 t
2247 213 2337 251 ergo
2384 201 2458 242 &c-

1396 249 1489 299 559.
1522 248 1710 300 Respond.
1732 250 1860 288 Satist.
1884 250 2114 301 Augustinus
2144 253 2232 291 Lib.
2253 253 2386 293 XXII.
2408 255 2460 294 tle

1344 301 1501 340 Civitas.
1530 301 1609 340 Dea·
1640 318 1726 354 cap.
1749 303 1788 341 8.
1833 303 2008 343 Etlinicis
2037 305 2312 345 sciscitantibus
2330 339 2341 357 ,
2390 321 2462 346 cur

1339 368 1447 393 nunc
1477 356 1546 393 illa
1568 357 1796 406 miracula,
1826 356 2172 409 quoe.praetlicntis
2188 360 2312 410 jafie.
2343 375 2460 411 esse,

1340 423 1421 447 non
1437 408 1594 462 fiunt?
1624 411 1896 462 respondebat:
1944 411 2110 449 Possem
2140 413 2297 461 quidem
2327 415 2460 455 (licere

1337 467 1575 502 necessaria
1591 463 1730 515 fuisse
1757 469 1865 516 prius
1882 495 1892 514 ,
1922 478 2047 516 quam
2067 465 2245 503 crederet
2265 469 2461 519 mundus,

1339 517 1395 556 ad
1423 517 1493 555 lzoc
1511 548 1521 566 ,
1569 527 1612 555 uc
1641 517 1821 557 crederet
1850 518 2050 558 mundus.
2103 518 2288 571 Quisquis
2329 524 2461 562 adhuc

1338 571 1547 623 prodigia,
1578 581 1618 609 ut
1639 572 1805 621 credat,
1835 575 1996 624 inquirit
2014 604 2025 621 ,
2056 586 2256 625 magnum
2288 584 2346 612 est
2375 582 2460 627 ipse

1339 626 1591 676 prodigium,
1620 630 1685 677 qui
1706 626 1861 665 mundo
1876 627 2063 665 credente
2093 641 2174 666 non
2195 628 2346 666 credit.
2377 629 2465 672 Post

1338 689 1466 718 autem
1496 693 1663 718 asserere
1692 693 1766 718 non
1795 681 1986 719 dubitavit
2006 682 2119 718 etiam
2149 691 2237 720 tunc
2253 682 2357 730 fieri
2386 687 2462 721 mi-

1339 734 1485 771 racula
1514 738 1555 771 in
1584 735 1671 785 ejus
1702 740 1716 785 (
1746 734 1888 772 Christi
1919 734 1935 783 )
1965 738 2127 772 nomine
2145 765 2156 783 ,
2187 740 2265 774 sire
2293 750 2363 787 per
2392 750 2462 775 sa-

1337 797 1556 825 cramenta
1586 789 1696 839 ejus,
1739 792 1817 825 sive
1845 801 1916 839 per
1944 792 2176 836 orationes,
2220 790 2277 828 vel
2307 804 2462 829 memo·

1337 845 1423 879 ritis
1453 840 1693 880 SanHorum
1721 843 1838 894 ejus:
1887 841 1921 878 δε
1951 843 2078 895 reipsa
2106 841 2226 881 multa
2262 853 2464 885 enumerat

1338 896 1559 944 miracula,
1589 910 1632 934 ea
1662 904 1771 934 aetate
1801 894 1930 935 faeta.
1967 895 2125 935 Nullius
2154 905 2282 934 autem
2312 907 2364 936 est
2394 913 2464 937 an-

1339 949 1517 989 storitatis
1537 959 1669 988 auctor
1688 951 1813 1002 operis
1841 951 2000 1002 imperf.
2032 952 2071 989 in
2094 948 2234 989 Matth.
2265 965 2382 1005 quem
2404 964 2461 990 es-

1337 1017 1375 1041 se
1396 1019 1416 1042 a
1439 1017 1528 1043 vero
1547 1003 1819 1055 Clirysostomo
1847 1004 1956 1056 longe
1972 1005 2169 1043 diversum
2190 1019 2275 1055 sup.
2306 1020 2346 1043 n.
2365 1004 2462 1052 244.

1336 1057 1629 1099 adnotavimus.
1661 1058 1764 1095 Idem
1796 1059 1910 1096 etiam
1941 1067 2023 1110 post
2054 1058 2254 1109 Augustini
2284 1066 2461 1111 tempora

1335 1111 1414 1148 dici
1444 1112 1582 1156 debet3
1612 1124 1704 1149 nam
1735 1110 1847 1163 plura
1876 1111 2068 1150 miracula
2098 1112 2212 1150 refert
2242 1111 2283 1150 S.
2314 1113 2463 1165 Grego-

1336 1164 1416 1200 rius
1437 1163 1497 1201 M.
1518 1164 1733 1214 Augustino
1753 1166 1862 1215 quasi
1892 1165 2042 1203 duobus
2062 1165 2215 1203 saeculis
2245 1167 2458 1218 posteri0r3

1335 1215 1369 1251 &
1400 1216 1522 1254 multa
1551 1218 1667 1254 etiam
1697 1218 1869 1267 sequenti
1899 1227 2007 1255 aetate
2038 1232 2157 1269 usque
2186 1219 2234 1257 ad
2262 1232 2329 1256 nos
2359 1220 2462 1259 edita.

1334 1283 1413 1307 esse
1431 1299 1440 1317 ,
1472 1270 1643 1308 indubiis
1672 1271 1897 1308 testimoniis
1927 1271 2196 1308 convincimur
2214 1297 2224 1308 .
2271 1271 2462 1323 Perpetua.

1335 1323 1452 1374 igitur
1482 1333 1537 1362 est
1573 1323 1660 1361 baec
1689 1337 1790 1361 verae
1821 1322 2009 1362 Ecclesiae
2041 1332 2128 1361 nota
2172 1336 2218 1360 ex
2248 1324 2464 1362 miraculo-

1335 1390 1424 1415 rum
1453 1378 1576 1430 gloria
1605 1378 1858 1430 deprompta3
1896 1376 2078 1430 quamvis
2104 1377 2192 1415 satis
2222 1377 2383 1416 fuissent
2413 1378 2464 1418 ad

1336 1441 1471 1469 nostrae
1502 1431 1689 1471 Ecclesiae
1733 1431 1971 1470 sanstitatem
2007 1431 2342 1469 demonstrandam
2380 1431 2462 1471 sola

1336 1484 1406 1524 illa
1435 1485 1654 1535 miracula,
1698 1499 1786 1538 quae
1817 1486 1955 1538 priscis
1985 1485 2224 1537 temporibus
2252 1485 2293 1523 in
2324 1485 2460 1524 eadem

1335 1538 1512 1578 Ecclesia
1533 1540 1631 1589 falla
1656 1540 1771 1578 fuisse
1792 1554 1860 1578 nec
1882 1541 1957 1592 ipsi
1987 1539 2197 1578 adversarii
2212 1539 2460 1579 inficiantur.

1392 1594 1485 1640 540.
1515 1595 1630 1634 Dices
1659 1594 1854 1633 secundo.
1904 1592 2101 1632 Miracula
2144 1593 2248 1645 apud
2288 1605 2357 1630 nos
2385 1605 2461 1631 non

1333 1646 1526 1687 habentur
1569 1662 1638 1701 pro
1667 1649 1794 1695 veris,
1843 1649 1916 1686 nisi
1958 1649 2052 1700 quia
2081 1648 2120 1684 in
2163 1660 2253 1685 vera
2283 1646 2462 1687 Ecclesia

1333 1701 1461 1750 fiunt,
1512 1701 1546 1738 8(
1574 1702 1624 1741 ab
1654 1703 1736 1753 ipsa
1765 1701 1940 1741 Ecclesia
1971 1701 2232 1753 approbantur
2252 1730 2264 1749 ,
2310 1701 2462 1739 dicente

1333 1756 1374 1793 S.
1406 1757 1621 1809 Augustino
1649 1756 1740 1794 Lib.
1784 1755 1834 1793 de
1875 1759 1975 1792 unit.
2004 1753 2206 1792 Ecclesiae
2246 1768 2282 1793 e.
2309 1767 2370 1806 ¹9·
2408 1753 2460 1794 T.

1332 1809 1405 1848 IX.
1449 1823 1710 1862 quoecumque
1754 1812 1768 1862 (
1798 1808 1991 1849 miracula
2020 1809 2035 1857 )
2066 1812 2108 1845 in
2146 1806 2344 1845 catholica
2376 1805 2459 1845 Ec-

1332 1865 1458 1902 clesia
1474 1865 1612 1918 fiunt,
1642 1863 1730 1902 ideo
1750 1873 1841 1901 sunt
1871 1861 2163 1915 approbanda,
2193 1865 2287 1912 quin.
2317 1866 2359 1899 ιή
2389 1874 2460 1899 ca-

1332 1917 1480 1956 tholica
1498 1919 1611 1972 fiunt
1628 1935 1643 1964 ,-
1671 1931 1753 1956 non
1773 1917 1862 1956 itleo
1891 1922 1979 1969 ipsa
2001 1914 2292 1969 manifestatur
2322 1914 2460 1953 catho-

1334 1972 1413 2007 liciz
1432 2002 1442 2018 ,
1473 1978 1568 2020 quia
1598 1973 1684 2010 ,ἵκεο
1715 1975 1755 2009 in
1785 1985 1836 2009 ea
1855 1971 1993 2024 fiunt.
2039 1971 2143 2009 Hinc
2173 1973 2289 2008 etiam
2318 1969 2460 2006 Conci-

1334 2021 1433 2059 lium
1464 2024 1736 2062 Tridentinum
1766 2024 1865 2061 Sess.
1887 2025 2020 2062 XXV.
2049 2038 2136 2074 cap.
2166 2023 2216 2058 de
2244 2026 2459 2059 invocatio-

1335 2088 1386 2112 ne
1401 2075 1641 2114 Snufforum
1664 2076 1845 2128 praecipit
1861 2105 1872 2124 ,
1903 2075 2014 2114 nulla
2033 2089 2110 2113 esse
2130 2074 2361 2113 admittenda
2383 2076 2461 2114 mi-

1334 2127 1496 2178 racula,
1527 2131 1602 2166 nisi
1630 2130 1824 2180 Episcopo
1852 2128 2110 2179 approbante:
2161 2142 2234 2166 non
2263 2142 2352 2179 ergo
2381 2130 2459 2167 mi-

1335 2179 1467 2219 racula
1497 2195 1631 2221 Veram
1660 2182 1859 2232 designant
1888 2180 2104 2219 Ecclesiam
2126 2211 2137 2228 ,
2168 2183 2231 2220 sed
2260 2183 2385 2234 potius
2405 2182 2459 2221 ab

1334 2233 1510 2273 Ecclesia
1540 2249 1630 2274 vera
1658 2235 1945 2286 distinguuntur
1973 2233 2165 2273 miracula
2183 2261 2195 2274 .

1390 2289 1484 2335 541.
1515 2288 1630 2342 Resp.
1660 2288 1835 2341 regulam
1865 2287 1976 2326 illam
2006 2288 2121 2327 fuisse
2151 2304 2173 2326 a
2202 2286 2242 2326 S.
2273 2287 2456 2340 Augusti-

1337 2355 1387 2380 no
1416 2344 1653 2382 constitutam
1684 2356 1761 2381 non
1791 2341 2024 2393 generaliter
2042 2373 2052 2390 ,
2084 2340 2119 2378 8(
2139 2342 2178 2379 in
2195 2343 2376 2381 omnibus
2391 2357 2457 2381 ca-

1337 2396 1443 2435 sibus
1463 2427 1473 2445 ,
1502 2398 1565 2436 sed
1595 2396 1844 2450 peculiariter
1862 2406 1994 2434 contra
2015 2396 2236 2434 Donatistas
2253 2425 2264 2444 ,
2294 2396 2359 2447 qui
2381 2397 2454 2433 mi-

1334 2450 1478 2489 raculis
1507 2453 1634 2500 nescio
1661 2450 1830 2504 quibus,
1861 2463 1926 2488 seu
1956 2451 2083 2502 potius
2112 2448 2326 2488 visionibus
2357 2447 2458 2487 schi-

1335 2519 1419 2543 sma
1436 2535 1446 2554 ,
1477 2506 1577 2558 quod
1608 2505 1778 2543 fecerant
1809 2504 1858 2543 ab
1879 2502 2052 2543 Ecclesia
2072 2503 2268 2542 Catliolica
2285 2532 2296 2551 ‚
2326 2503 2458 2541 defen-

1333 2559 1423 2597 dere
1451 2559 1718 2598 conabantur.
1760 2559 1902 2597 Contra
1932 2571 1991 2596 eos
2022 2559 2139 2610 igitur
2169 2555 2346 2605 volebat,
2391 2570 2459 2595 ve-

1338 2626 1422 2651 ram
1453 2612 1670 2652 Ecclesiam
1699 2627 1777 2651 esse
1805 2625 1853 2649 ex
1882 2611 2092 2665 Scripturis
2121 2610 2424 2663 cognoscendam
2443 2640 2457 2659 ,

1334 2681 1424 2719 quae
1456 2668 1769 2706 manifestissime
1800 2666 2036 2719 praedicant,
2066 2680 2151 2704 eam
2182 2674 2259 2702 toto
2287 2664 2378 2701 orbe
2399 2678 2456 2701 es-

1334 2735 1374 2760 se
1402 2721 1696 2760 diffundendam
1714 2752 1723 2770 ‚
1767 2734 1844 2758 non
1875 2720 1915 2757 in
1946 2719 2079 2771 aliquo
2108 2720 2253 2758 Africae
2284 2717 2458 2769 angulo,

1333 2775 1402 2813 ubi
1444 2785 1551 2814 erant
1581 2776 1822 2823 Donatistae,
1866 2772 2196 2825 restringendam.
2241 2773 2367 2825 Atque
2406 2772 2455 2810 ad

1333 2831 1601 2868 controversia:
1634 2830 1766 2867 sunem
1797 2828 2048 2866 resecandum
2085 2826 2197 2864 nulla
2226 2825 2305 2864 alia
2334 2826 2455 2863 inira-

1331 2883 1421 2922 cula
1449 2884 1685 2922 admittenda
1712 2895 1790 2921 esse
1821 2881 1999 2930 volebat,
2029 2895 2148 2934 quam
2178 2893 2267 2933 quae
2298 2879 2348 2918 ab
2378 2879 2454 2918 Ee-

1331 2937 1450 2977 clesia
1477 2937 1668 2979 catholica
1697 2935 1954 2989 probarentur
1971 2962 1983 2973 .
2336 2942 2341 2947 ·

1388 2992 1481 3038 542.
1512 2990 1752 3030 Generaliter
1795 2998 1923 3028 tamen
1968 2990 2095 3043 primo
2124 2986 2300 3027 Ecclesia
2330 2996 2453 3025 nostra.

1333 3045 1536 3084 miraculis
1567 3045 1722 3083 fund->ata
1752 3045 1851 3092 fuit,
1894 3058 1940 3082 ac
1970 3041 2170 3081 miraculis
2201 3041 2300 3080 fasti
2331 3041 2452 3079 credi-

1333 3100 1425 3139 bilis
1443 3130 1453 3149 ,
1498 3109 1624 3152 postea
1653 3108 1781 3136 autem
1812 3099 1896 3150 ipsa
1925 3097 2101 3135 Ecclesia
2144 3096 2224 3147 jam
2264 3094 2420 3132 fundata
2439 3123 2450 3141 ,

1335 3154 1370 3190 8t
1401 3155 1641 3192 manifestata
1669 3153 1785 3190 etiam
1815 3152 1877 3204 jus
1905 3152 2112 3204 acquisivit
2141 3163 2230 3190 vera
2262 3147 2452 3186 mit-..cula

1334 3226 1357 3249 a
1394 3208 1499 3246 falsis
1540 3207 1807 3246 discernendi.
1850 3205 2108 3244 Unde-idem
2147 3204 2186 3241 S.
2218 3202 2462 3252 Augustinus„

1335 3263 1424 3304 Lib.
1447 3262 1594 3300 XVIII.
1614 3260 1662 3298 de
1694 3259 1774 3299 Cio.
1805 3258 1883 3298 Dei·
1912 3275 1948 3298 c.
1969 3258 2008 3298 8.
2040 3259 2153 3295 Tom.
2177 3255 2267 3313 VH.
2302 3256 2347 3292 de
2379 3257 2453 3293 mi-

1334 3316 1479 3357 raculis
1499 3315 1686 3368 loquens,
1717 3314 1823 3363 lzaec,
1854 3315 2007 3366 inquit,
2037 3310 2451 3363 utjistemjtzcerent,

1334 3375 1623 3416 innottcerwn5
1665 3368 1752 3411 lzaec
1787 3381 1858 3423 per
1884 3367 2050 3422 fidem,
2081 3378 2205 3418 quam
2226 3362 2451 3454 Ῐεεεηὲηε,

2293 3429 2361 3455 met
2379 3435 2397 3448 ο
