2564 3706
255 126 298 158 F!
313 117 347 166 4

190 193 328 232 ἃίοιιε-
352 190 462 229 modo
489 188 634 240 Angelc'
662 185 877 240 appellari,
921 195 962 225 ut
991 188 1114 239 reipsa
1150 192 1283 230 erant,

188 246 298 284 modo
326 246 395 281 riri
422 250 488 279 aut
512 242 701 291 juvenes,
731 249 771 277 ut
799 240 1057 278 videbantur.
1086 238 1164 276 Nec
1185 234 1285 274 Mat-

191 298 312 334 thaeus
329 325 339 343 ,
383 304 447 332 aut
474 294 635 333 Marcus
663 295 701 331 iu
729 292 910 344 singulari
939 303 1100 330 numero
1128 289 1284 339 loquen-

183 359 235 387 tes
263 348 527 386 contradicunt
554 347 696 394 Lucae,
740 346 773 382 &
801 346 934 384 Joanni
958 375 967 392 ,
1004 344 1070 393 qui
1100 342 1192 378 duos
1220 352 1285 399 ¹¹0ss

184 402 353 439 minant.
384 399 504 439 Primi
533 401 636 439 enim
655 400 802 438 nonnisi
832 411 919 435 eum
949 401 1186 439 memorant,
1215 405 1285 444 qui

183 453 414 492 mulieribus
455 453 603 492 locutus
639 462 716 498 est3
760 450 858 488 unde
885 447 1093 487 Matthaeus
1134 446 1283 496 inquit:

184 506 442 557 Respondens
485 515 623 545 autem
657 505 827 556 Angelus
857 504 870 550 (
902 500 971 537 hoc
1013 507 1092 545 cst,
1133 509 1284 535 sermo-

184 573 278 597 nem
309 560 522 598 exordiens
538 559 742 598 secundnm
765 555 1018 592 Hebraeorum
1049 549 1219 602 phrasim
1239 550 1255 599 )
1273 576 1283 588 .

183 613 308 651 Lucas
348 623 502 661 autem,
547 612 579 647 ἃ
607 611 767 649 Joannes
802 607 894 643 duos
936 612 1173 651 memorant,
1217 605 1285 656 qui

184 676 384 718 praesentes
413 665 636 704 adstabant.
667 662 799 711 'Neque
816 659 918 695 euim
946 671 1182 709 quemquam
1203 670 1286 694 mo-

185 729 294 767 veat,
331 720 433 771 quod
461 717 605 756 alicubi
635 714 767 764 Angeli
810 711 986 749 dicantur
1014 716 1145 758 stare,
1187 709 1284 748 alibi

185 771 348 809 sedere:
389 780 483 810 stare
511 770 614 806 enim
645 765 705 803 hic
736 777 809 802 non
839 764 1005 816 designat
1041 765 1209 816 corporis
1236 764 1286 802 si-

180 834 262 862 tum
280 855 289 873 ,
319 825 381 862 sed
411 821 649 875 praesentiam
680 826 825 856 tantum
855 818 920 868 (a)
939 844 949 856 .

241 878 332 929 296.
362 878 448 914 Inst.
472 887 508 912 2.
537 872 706 910 Christus
725 884 832 909 suam
854 869 1164 909 resurreflionem
1185 883 1288 922 prae-

185 931 331 968 dixerat
361 937 438 981 post
465 937 535 964 tres
564 925 642 962 dies
671 923 811 963 Matth.
833 923 922 962 XII.
945 924 1008 969 40.
1039 923 1147 961 Sicut
1176 928 1286 962 enim

184 982 259 1026 fuit
287 982 412 1020 Jonas
441 983 482 1016 in
511 987 644 1016 ventre
672 981 747 1016 ceti
788 977 906 1015 tribus
943 975 1098 1026 diebus,
1141 977 1190 1018 <9¹
1219 981 1287 1014 zri-

169 1027 251 1072 “bus
280 1032 477 1081 noSz'hus,
507 1036 563 1070 sic
596 1035 670 1070 erit
687 1031 802 1086 filius
818 1031 988 1069 hominis
1017 1034 1057 1068 in
1079 1029 1196 1068 corde
1210 1039 1286 1068 ter-

178 1100 239 1124 roe
266 1086 386 1125 tribus
424 1085 584 1133 diebus,
627 1085 677 1125 <J
707 1084 826 1123 tribus
854 1082 1053 1132 noelzbas,
1075 1083 1130 1119 ·&
1161 1082 1288 1121 Marci

180 1141 286 1178 vul.
319 1141 402 1179 51.:
436 1139 597 1188 Oportet
613 1137 754 1191 filium
785 1137 982 1176 hominis.
1001 1163 1010 1175 .
1030 1135 1208 1184 .0cci‹lz·,
1238 1137 1288 1176 <9-

179 1202 267 1246 post
293 1202 373 1231 tres
403 1192 486 1230 (lies
504 1204 711 1244 resurgere
726 1206 741 1236 ,-
772 1191 878 1243 atqui
907 1200 1035 1228 tamen
1064 1191 1289 1227 resur-rexis-

180 1262 219 1285 se
249 1247 390 1284 dicitur
417 1245 539 1295 multo
567 1247 701 1296 prius,
731 1257 818 1294 ergo
848 1242 918 1281 &c.

238 1312 327 1351 197.
359 1299 469 1351 Resp.
499 1298 640 1336 Christi
679 1296 916 1348 prophetiam
935 1324 944 1342 ‚
987 1309 1065 1347 qua
1094 1308 1132 1331 se
1162 1306 1287 1331 resur-

180 1352 374 1391 recturum
403 1366 479 1390 esse
508 1351 686 1403 praedixit
715 1357 796 1400 post
818 1356 889 1385 tres
917 1348 996 1385 dies
1015 1377 1024 1395 ,
1055 1359 1128 1384 non
1159 1348 1211 1384 ita
1231 1361 1288 1384 es-

181 1420 220 1443 se
250 1405 532 1455 intelligendam
550 1433 560 1451 ,
590 1403 698 1454 qnasi
728 1401 882 1452 integris
911 1399 1030 1437 tribus
1060 1399 1194 1437 diebus
1222 1401 1288 1437 de·

184 1460 289 1496 beret
318 1460 355 1495 in
385 1456 559 1508 sepulcro
600 1467 781 1502 manere,
826 1453 888 1491 sed
919 1454 1088 1491 triduum
1131 1451 1197 1491 hic
1225 1467 1290 1491 ac·

181 1513 323 1563 cipitur
352 1523 419 1561 per
447 1507 734 1555 synecdochen,
778 1506 848 1544 hoe
878 1515 929 1544 est
961 1519 1030 1558 pro
1059 1505 1182 1544 tribus
1210 1506 1293 1544 die-

176 1565 249 1601 bus
279 1554 537 1613 incompletis:
570 1560 670 1598 unde
699 1561 814 1598 etiam
844 1559 960 1597 Lucae
984 1554 1133 1597 XXIV.
1167 1573 1203 1611 7.
1231 1560 1291 1597 di-

177 1618 294 1654 citur:
323 1614 618 1667 oportetfilium
639 1613 835 1651 hominis.
855 1639 864 1650 .
883 1638 893 1650 .
910 1613 1092 1667 crucfigi
1110 1643 1120 1661 ,
1141 1614 1190 1653 (ἓ)
1210 1622 1289 1650 ter-

180 1675 237 1707 rut
270 1669 330 1706 (lie
359 1681 586 1720 resurgere,
628 1668 730 1720 quod
760 1668 883 1719 reipsa
911 1679 1024 1717 opere
1053 1665 1288 1718 completum

183 1711 264 1760 esi.
307 1722 408 1760 Nam
438 1721 612 1773 sepulcro
657 1721 813 1758 traditus
850 1720 924 1757 fuit
952 1720 1014 1758 die
1056 1733 1288 1772 parasceve,

180 1779 222 1813 in
253 1788 296 1811 eo
326 1776 464 1813 mansit
492 1784 567 1812 tota
594 1774 656 1812 die
684 1774 859 1821 sabbati,
889 1772 924 1809 8t
953 1774 1102 1816 nonnisi
1132 1773 1193 1810 die
1214 1773 1290 1811 Do-

183 1829 329 1866 minica
359 1829 583 1865 resurrexit:
612 1841 688 1879 qua
718 1828 756 1865 iu
778 1841 816 1864 re
846 1835 954 1864 acute
974 1827 1014 1864 S.
1036 1827 1144 1877 Leo(
1166 1826 1290 1864 Serm.

185 1881 216 1919 Ι.
247 1880 295 1918 ‹le
324 1879 567 1929 resurreH.)
596 1883 738 1917 >miram
759 1880 918 1918 Domini
949 1881 1202 1917 oeconomiam
1222 1880 1291 1917 ob-

182 1943 332 1982 servat,
379 1936 447 1985 qui
477 1932 593 1971 simul
624 1932 658 1968 «St
686 1933 890 1970 veritatem
914 1931 1123 1984 prophetiae
1166 1946 1291 1970 serva-

182 1989 264 2036 vit,
309 1986 343 2023 8<
370 1985 649 2039 discipulorum
679 1997 887 2023 moerorem
922 1986 1094 2022 minuere
1122 1985 1290 2022 studuit.

185 2039 250 2080 Ne
279 2039 482 2087 turbatos,
513 2040 664 2092 inquit,
708 2038 986 2089 discipulorum
1016 2041 1179 2075 animos
1209 2038 1293 2074 lon—

177 2106 236 2146 ga
258 2092 486 2130 maestitudo
501 2095 705 2129 cruciaret
720 2121 731 2139 ,
760 2091 1050 2129 denunciatam
1073 2089 1190 2128 tridui
1210 2104 1293 2128 mo—

180 2160 276 2184 ram
304 2154 392 2183 tam
422 2149 530 2182 mira
557 2145 764 2182 celeritate
793 2143 977 2181 breviavit
995 2173 1006 2190 ,
1044 2152 1083 2180 ut
1113 2143 1207 2180 <lum
1237 2143 1294 2181 ad

180 2204 382 2252 integrum
412 2197 633 2237 secundum
663 2196 768 2234 diem
796 2200 1031 2248 pars-'primi
1051 2200 1293 2244 norissima,

181 2254 233 2294 ζ’)
261 2266 358 2303 pars
387 2255 492 2289 tertii
518 2254 674 2302 prima·
696 2254 919 2299 concurrit,
963 2251 1011 2290 ζ’)
1041 2250 1293 2301 αἶὶᾳιιᾳηῑιιηῑ

181 2310 374 2356 temporis
402 2308 533 2358 spatio
561 2302 794 2353 decederet,
833 2304 884 2345 (θ’
911 2301 1010 2341 nihil
1037 2302 1192 2342 dierum
1221 2308 1311 2340 ηιμ·

181 2373 297 2398 mero
326 2359 520 2408 deperiret
537 2385 548 2397 .

238 2412 325 2466 198.
354 2413 490 2465 Neque
518 2412 624 2451 obest
651 2412 691 2451 in
719 2411 823 2450 laud.
855 2409 1032 2450 Matthaei
1070 2409 1155 2451 loco
1182 2411 1258 2448 dici
1277 2440 1289 2458 ,

180 2467 376 2505 Christum
406 2467 583 2504 futurum
612 2467 652 2503 in
680 2467 791 2504 corde
821 2474 931 2502 terras
973 2464 1098 2502 tribus
1126 2463 1261 2502 diebus
1277 2479 1297 2511 ‚⁴

181 2520 214 2556 8<
244 2520 366 2559 tribus
394 2519 596 2567 noaibus,
644 2532 734 2556 cum
765 2520 890 2555 ta'men
930 2518 1080 2555 nonnisi
1108 2517 1196 2554 duae
1227 2530 1290 2554 no-

182 2573 256 2612 &es
283 2573 550 2620 interfuerint,
574 2584 670 2610 nam
695 2571 763 2609 -hie
791 2570 894 2621 dies,
923 2570 958 2607 81:
986 2583 1059 2607 nox
1089 2580 1290 2608 sumuntur

182 2626 296 2664 simul
326 2626 373 2665 ad
413 2626 672 2664 denotandum
709 2625 812 2662 diem
853 2622 1094 2670 naturalem3
1135 2636 1211 2661 non
1242 2622 1290 2660 ad

181 2679 445 2731 significandas
464 2687 640 2717 accurate
669 2677 755 2717 illas
774 2677 868 2717 duas
888 2686 1012 2729 partes
1027 2707 1038 2727 ‚
1067 2690 1155 2729 quae
1185 2676 1289 2714 diem

184 2733 394 2772 naturalem
422 2733 649 2771 constituunt
666 2758 676 2770 .

212 2803 214 2805 ·
245 2798 330 2838 ¹99·
358 2787 508 2825 Inst.,5.
539 2783 734 2838 Discipuli
763 2784 933 2823 futuram
954 2782 1093 2822 Christi
1123 2796 1289 2821 resurre-

186 2835 345 2875 &ionem
374 2839 624 2890 ignorabant3
654 2839 796 2877 dicitur
824 2839 928 2875 enim
959 2837 1123 2890 de‘ipsis
1152 2837 1289 2875 Joann.

186 2888 280 2927 XX.
309 2903 347 2941 9.
376 2892 552 2929 nondum
594 2891 774 2930 sciebant
815 2894 1084 2941 scripturam,
1128 2894 1221 2940 quia
1250 2903 1290 2927 o-

160 2941 364 2992 ‚ponebat
394 2957 483 2981 eum
511 2958 538 2982 a
567 2950 732 2984 mortuis
773 2957 1007 2997 resurgere.
1056 2944 1103 2982 Et
1133 2943 1292 2981 ulterius

189 2996 327 3042 etiam,
357 3005 554 3047 postquam
569 2997 739 3037 Christus
759 2999 952 3036 redivivus
973 2999 1174 3049 apparuit,
1203 2999 1290 3049 qui-

187 3047 278 3087 dam
307 3048 494 3086 dubitasse
522 3050 698 3089 dicuntur
727 3051 870 3091 Matth.
890 3050 1077 3090 XXVIII.
1109 3065 1172 3102 17.

236 3180 285 3215 (a)
308 3175 361 3228 De
385 3175 464 3215 his,
499 3177 644 3221 aliisque
671 3180 843 3213 similibus
870 3182 1048 3227 antilogiis
1073 3181 1156 3217 Vid.
1183 3181 1293 3216 Mich.

190 3219 368 3301 ἕίεὲιειᾶιὲιξ
395 3223 562 3268 Analyse
599 3226 642 3257 de
679 3225 703 3258 I’
727 3217 890 3268 Euangile
930 3228 1061 3264 T.·1V.
1102 3241 1170 3263 sec.
1207 3228 1292 3262 edit.

246 3315 290 3352 (lu)
318 3288 396 3347 Ulna
421 3324 502 3348 cum
527 3315 629 3351 Celso
653 3315 745 3361 apud
770 3316 957 3360 origenem
977 3305 1084 3356 Libro
1101 3322 1145 3356 11.
1171 3324 1313 3355 cohera-

939 99 1346 151 DISSER‘TATIO'
1373 99 1450 145 111.
1485 99 1713 149 GAR'III.

1409 191 1499 217 200.
1532 180 1643 231 Resp.
1674 181 1721 218 ad
1751 181 1924 230 primum
1943 205 1954 220 .
1997 178 2085 219 Non
2111 178 2278 232 potuisse
2308 172 2460 228 Apono·

1352 230 1593 269 los-omnino
1635 233 1806 283 ignorare
1835 235 2002 282 futuram
2031 233 2172 271 Christi
2214 228 2460 268 resurreetio-

1352 296 1464 331 nem,
1510 285 1556 322 de
1585 298 1661 336 qua
1690 286 1816 323 fuerat
1843 287 1949 324 toties
1974 285 2145 324 Christus
2175 287 2253 336 ipse
2284 284 2460 321 locutus.

1353 335 1487 374 Solum
1510 337 1634 388 igitur
1662 352 1789 376 sensus
1817 348 1896 386 est,
1940 338 2024 390 ipso
2047 338 2196 376 Christo
2237 338 2355 376 fidem
2386 350 2458 374 uon

1351 390 1456 427 omni
1486 403 1530 427 ex
1561 391 1918 441 partesadhibuisse
1938 417 1946 429 .
1978 388 2242 438 Quamobrem
2271 404 2363 429 cum
2392 404 2462 428 va-

1351 456 1469 480 cuum
1497 442 1716 494 sepulcrum
1743 445 1967 483 invenerunt
1983 474 1995 491 ‚
2027 443 2208 495 suspica-ti
2227 452 2343 493 sunt„
2367 443 2476 481 fuis-v

1351 509 1390 533 se
1419 494 1501 546 ejus
1530 509 1667 549 corpus
1697 498 1798 535 furto
1824 497 2018 536 sublatum
2036 523 2046 534 .
2081 508 2102 517 >·

1409 560 1500 586 201.
1530 550 1645 596 Quod
1681 559 1808 588 autem
1839 549 1998 589 Sanstus
2027 547 2245 588 Matthaeus
2276 550 2460 599 quosdam

1353 601 1398 639 de
1426 599 1510 652 ejus
1538 602 1812 642 resurreetione
1837 603 2029 642 dubitasse
2054 603 2149 641 dicit
2166 631 2177 650 ,
2215 601 2467 641 referendum

1353 663 1405 693 est
1433 654 1481 692 ad
1502 654 1542 692 S.
1566 655 1785 705 Thomam,
1814 656 1925 708 cujus
1953 656 2228 694 dubitationem
2256 653 2299 692 S.
2330 654 2461 693 Evan-

1351 707 1483 759 gelista
1512 722 1555 745 eo
1583 711 1713 761 eapite.
1736 710 1870 757 refert,
1907 711 2035 747 omnia
2051 739 2063 758 ,
2089 722 2180 762 quae
2210 717 2291 759 post
2317 707 2467 746 Christi,

1353 760 1667 800 resurrectionem
1696 775 1855 801 evenere
1872 792 1883 811 ‚
1912 762 2104 810 breviter,
2134 760 2316 813 nulloque
2338 774 2466 799 serva-

1354 822 1392 851 to
1411 815 1543 852 ordine
1571 815 1914 867 comprehendens.
1945 814 2026 854 Nee
2044 814 2150 852 obest
2170 827 2351 852 numerus
2372 814 2464 866 plu-

1354 867 1445 905 ralis
1465 868 1513 906 ab
1535 868 1777 921 Evangelista
1806 868 2002 908 adhibitus
2018 898 2030 916 ,
2059 880 2150 906 cum
2178 866 2271 904 dicit
2297 867 2463 919 quidam

1356 920 1628 971 dubitaverunt
1641 937 1657 968 ;
1687 937 1776 961 nam
1805 922 1878 961 hoc
1905 920 2092 974 explicari
2122 927 2239 972 potest
2261 933 2328 972 per
2357 919 2465 958 atial-

1356 973 1466 1026 lagen
1495 972 1657 1014 numeri*
1676 975 1886 1027 scripturis
1915 974 2176 1019 familiarem3
2218 970 2254 1007 ἃ
2281 981 2468 1024 praetereae

1356 1028 1512 1066 fortasse
1541 1039 1617 1067 non'
1635 1043 1734 1068 unus
1755 1028 1925 1067 Thomas
1941 1059 1952 1077 ,
1982 1028 2057 1066 sed‘
2075 1024 2256 1065 nonnulli
2284 1024 2352 1064 alii
2373 1038 2470 1063 cum-

1357 1093 1400 1118 eo
1429 1083 1475 1120 de
1502 1084 1660 1120 veritate
1687 1080 1970 1121 resurrectionis
1997 1081 2244 1127 dubitarunt3
2274 1079 2377 1132 quod
2407 1079 2468 1116 in·-

1356 1136 1437 1172 nuit
1466 1135 1580 1172 etiam
1609 1133 1767 1174 Marcus
1796 1136 1956 1184 dicens,
1996 1135 2194 1173 Christum
2223 1130 2464 1185 exprobras-

1356 1200 1399 1225 se
1427 1185 1758 1225 Incredalttatem
1785 1201 1924 1226 eorum
1944 1219 1955 1238 ,
1997 1188 2046 1229 ὠ
2075 1187 2261 1225 duritiem
2303 1185 2434 1223 cordis
2454 1214 2466 1232 ,

1356 1242 1452 1290 quia
1481 1244 1528 1276 iis
1549 1270 1560 1288 ,
1607 1244 1672 1291 qni
1699 1240 1881 1279 viderant
1923 1255 2015 1280 eum
2056 1244 2343 1288 resurrexisse,
2384 1250 2469 1275 non

1354 1292 1610 1330 crediderunt
1642 1292 1750 1332 XVI.
1786 1294 1847 1339 14.
1883 1294 2062 1332 Ceterum
2106 1292 2326 1342 hujusmodi
2364 1290 2470 1329 Tho-

1355 1359 1432 1383 mae
1446 1376 1458 1394 ,
1488 1345 1734 1399 aliorumque
1754 1345 2000 1384 incredulitas
2027 1357 2103 1383 non
2124 1344 2247 1382 sotum
2268 1345 2470 1382 veritatem

1356 1396 1638 1438 restare-{tionis
1667 1413 1743 1438 non
1773 1397 2005 1447 labefaRat,
2035 1398 2098 1436 sed
2128 1399 2252 1449 potius
2281 1396 2471 1447 majorem

1360 1453 1400 1489 in
1422 1453 1579 1490 modum
1599 1453 1825 1499 confirmat3
1855 1462 2014 1505 apparet
2040 1453 2145 1489 enim
2164 1480 2175 1499 ,
2204 1463 2265 1495 eos
2285 1462 2360 1487 non
2377 1449 2480 1487 fuis--

1359 1519 1398 1542 se
1426 1505 1473 1542 de
1501 1504 1574 1544 hac
1604 1508 1759 1545 veritate
1789 1504 1978 1544 conviaos
1996 1535 2007 1554 ,
2049 1505 2124 1543 nisi
2153 1511 2357 1556 postquam
2386 1516 2485 1544 eam..

1358 1558 1436 1596 suis
1465 1558 1584 1597 veluti
1623 1559 1802 1597 manibus
1829 1557 2138 1603 contre&arunt;
2177 1557 2286 1595 unde-
2307 1556 2347 1595 S.
2377 1555 2485 1593 Grer

1356 1614 1482 1662 gorius
1512 1615 1527 1662 (
1559 1612 1673 1651 Hom.
1694 1611 1844 1651 XXVI.
1875 1613 1915 1650 in
1945 1612 2094 1663 Evang.
2124 1611 2140 1660 )
2172 1609 2286 1658 Plus,
2317 1610 2470 1660 inquit,

1356 1663 1467 1702 nobis
1498 1664 1534 1703 T
1532 1664 1662 1703 homae
1691 1665 1910 1718 infidelitas
1938 1664 1995 1703 ad
2011 1664 2169 1718 fidem,
2212 1676 2337 1715 quam
2361 1661 2469 1713 fides

1357 1717 1637 1768 discipulorum
1665 1718 1913 1757 credentium
1941 1718 2116 1770 profuit.

1414 1784 1505 1809 202.
1535 1772 1673 1810 instab.
1696 1772 1734 1818 4.
1765 1771 1845 1823 (b).
1876 1773 1919 1810 Si
1938 1771 2110 1809 Christus
2139 1783 2227 1809 vere
2257 1785 2278 1807 a
2311 1767 2481 1807 mortuis*

1357 1834 1634 1871 resurrexerat,
1677 1838 1806 1877 operae
1834 1826 2002 1878 pretium
2031 1833 2137 1871 erat,
2181 1833 2221 1860 ut
2250 1822 2468 1860 Sacerdoti-

1357 1877 1456 1927 bus,
1501 1877 1533 1920 8(
1563 1877 1808 1930 Principibus
1836 1876 1972 1930 populi
2002 1890 2080 1915 sese
2109 1878 2151 1914 in
2179 1875 2318 1928 primis
2346 1883 2478 1911 osten-

1358 1931 1479 1969 deret:
1522 1945 1612 1969 cum
1641 1933 1747 1969 enim
1784 1930 2011 1969 resurreEtio
2037 1938 2132 1968 esset
2174 1930 2302 1980 ipsius·
2323 1928 2472 1965 divinae

1359 1985 1553 2022 missionis
1580 1985 1690 2035 quasi
1719 1983 1915 2034 sigillum,
1959 1985 2130 2020 maxime
2169 1994 2383 2032 congruum
2413 1980 2474 2018 vi-

1359 2036 1542 2085 debatur,
1572 2045 1614 2073 ut
1639 2037 1743 2087 apud
1762 2035 1870 2073 illius
1886 2036 2023 2073 Gentis
2035 2034 2228 2086 *primores
2243 2063 2254 2082 ,
2285 2033 2331 2071 ad
2351 2046 2473 2084 quam

1360 2089 1533 2127 Christus
1562 2090 1698 2127 missus
1726 2097 1832 2137 erat,
1875 2089 2121 2140 praecipuum
2160 2100 2241 2125 suae
2270 2085 2483 2138 legationis·

1360 2141 1600 2193 signaculum
1630 2143 1884 2194 patefaceret,
1913 2154 1958 2178 eo
1988 2142 2069 2179 fere
2088 2141 2228 2190 modo,
2257 2153 2335 2192 quo
2365 2139 2470 2191 lega-

1362 2204 1420 2232 tus
1449 2195 1497 2232 ad
1539 2194 1825 2247 rempublicam
1863 2195 2000 2233 missus
2026 2194 2212 2243 Senatui,
2253 2193 2290 2229 ’ἃ
2319 2192 2487 2232 Ρτίοεὶ-’

1361 2247 1477 2299 pibus
1506 2247 1643 2300 populi
1671 2248 1864 2286 missionis
1891 2261 1971 2286 suae
2001 2246 2141 2286 litteras
2161 2247 2403 2300 potissimum
2430 2259 2472 2284 o-

1361 2302 1531 2339 stendere
1559 2301 1698 2339 debet--

1419 2354 1510 2393 203.
1542 2355 1725 2403 Accedit,
1773 2353 1877 2407 quod
1906 2355 1938 2392 si
1967 2353 2126 2392 illorum
2166 2354 2320 2392 testium
2349 2352 2472 2402 fides,

1357 2408 1501 2460 quibus
1529 2406 1699 2446 Christus
1726 2409 1950 2460 apparuisse
1979 2408 2146 2456 dicitur,
2183 2407 2403 2459 diligentius
2432 2420 2472 2443 e-

1357 2463 1605 2509 xaminetur,
1648 2460 1763 2499 facile
1791 2461 1968 2505 nutabit.
2011 2461 2110 2499 Sunt
2151 2460 2264 2506 enim·
2293 2459 2473 2497 foeminae

1357 2522 1496 2552 natura
1538 2515 1805 2566 superstitiosas
1824 2544 1835 2563 ,
1879 2513 1914 2549 ἃ
1942 2513 2057 2552 facile
2085 2512 2254 2552 credulae
2273 2544 2284 2562 ,
2327 2512 2471 2564 quibus

1358 2581 1428 2605 nec
1458 2567 1627 2620 Apostoli
1657 2567 1775 2606 fidem
1805 2566 2089 2615 adhibuerunt,
2135 2575 2290 2604 testante
2319 2566 2360 2603 S.
2389 2565 2470 2603 Lu-

1358 2634 1403 2659 ca
1431 2634 1518 2674 cap.
1537 2620 1688 2668 XXIV.
1718 2621 1766 2658 II.
1795 2629 1883 2659 sunt
1924 2621 1999 2658 dno
2044 2618 2227 2669 discipuli
2271 2627 2469 2670 pergentes

1357 2673 1566 2723 Emmaus,
1596 2677 1663 2727 qui
1693 2687 1761 2726 per
1788 2673 1947 2723 longum
1967 2674 2044 2711 viae
2063 2670 2225 2710 nattum
2245 2685 2335 2710 cum
2355 2671 2469 2709 Chri-

1358 2736 1413 2765 sto
1441 2737 1593 2775 euntes,
1625 2727 1659 2763 8<
1689 2725 2010 2774 confabulantes,
2040 2738 2130 2762 eum
2160 2726 2324 2763 minime
2352 2737 2470 2762 nove—

1357 2790 1443 2819 runt
1459 2795 1470 2828 3
1512 2781 1658 2819 novisse
1686 2787 1815 2818 autem
1843 2777 1968 2815 solum
2005 2778 2185 2817 dicuntur
2213 2780 2256 2817 in
2283 2776 2470 2816 frastione

1357 2836 1492 2886 panis,
1521 2833 1677 2886 quando
1702 2846 1750 2869 ex
1779 2845 1911 2869 eorum
1941 2831 2063 2871 oculis
2091 2834 2246 2871 evanuit
2264 2858 2276 2869 .
2312 2831 2471 2870 Dicitur

1359 2887 1493 2927 &aliis
1521 2886 1722 2939 discipulis
1751 2887 2002 2938 apparuisse,
2031 2886 2095 2923 sed
2125 2887 2316 2939 negotium
2347 2886 2469 2926 faces·-

1360 2943 1405 2980 sit
1422 2972 1432 2990 ‚
1463 2941 1564 2994 quod
1578 2941 1676 2979 -subd
1686 2942 1758 2977 itur
1773 2968 1786 2987 ,
1814 2951 1875 2976 eos
1903 2938 2050 2978 scilicet
2069 2940 2196 2991 primo
2216 2939 2355 2977 intuitu
2376 2952 2469 2976 con-

1358 2994 1554 3042 turbatos,
1583 2994 1635 3034 <9-
1662 2996 1895 3030 conterritos
1924 2996 2184 3044 existimasse
2212 3006 2255 3031 se
2283 2997 2464 3043 spiritum

1358 3048 1486 3088 ridere
1514 3048 1632 3087 Lucae
1651 3045 1803 3085 XXIV.
1831 3059 1921 3099 97.‚
1962 3055 2046 3086 tum
2073 3047 2210 3099 ,januis
2237 3045 2377 3085 clausis
2405 3046 2481 3088 ins

2294 3107 2299 3125 -’
2321 3107 2416 3138 tras-

1361 3180 1497 3214 Celsum
1523 3191 1556 3211 n.
1583 3178 1641 3222 93.
1669 3177 1769 3222 cujus
1793 3177 2019 3223 objeffionem
2043 3186 2160 3223 postea
2186 3176 2367 3209 suscitavit
2388 3176 2467 3221 5ρί->

1362 3238 1447 3259 noza
1472 3227 1506 3258 in
1531 3224 1631 3268 epist.
1652 3226 1708 3257 23.
1735 3227 1767 3256 &
1790 3234 1868 3269 post
1888 3226 2001 3269 ipsum
2023 3224 2090 3258 Th.
2108 3223 2308 3261 *Volstenus
2328 3224 2462 3268 Anglus

1362 3272 1398 3305 in
1423 3280 1599 3317 postremo
1622 3282 1687 3305 suo
1711 3281 1870 3306 sermone
1893 3273 1938 3306 de
1961 3271 2140 3305 miraculis
2167 3269 2326 3304 Christi.
