<?xml version="1.0" encoding="UTF-8"?>
<!DOCTYPE html PUBLIC "-//W3C//DTD XHTML 1.0 Transitional//EN"
    "http://www.w3.org/TR/xhtml1/DTD/xhtml1-transitional.dtd">
<html xmlns="http://www.w3.org/1999/xhtml" xml:lang="en" lang="en">
 <head>
  <title>
</title>
<meta http-equiv="Content-Type" content="text/html;charset=utf-8" />
  <meta name='ocr-system' content='tesseract 3.04.00' />
  <meta name='ocr-capabilities' content='ocr_page ocr_carea ocr_par ocr_line ocrx_word'/>
</head>
<body>
  <div class='ocr_page' id='page_1' title='image "./fratrispetrimari01gazzuoft_0158.png"; bbox 0 0 2564 3706; ppageno 0'>
   <div class='ocr_carea' id='block_1_1' title="bbox 158 123 1278 3017">
    <p class='ocr_par' dir='ltr' id='par_1_1' title="bbox 169 123 1269 292">
     <span class='ocr_line' id='line_1_1' title="bbox 238 123 318 164; baseline 0.013 -2"><span class='ocrx_word' id='word_1_1' title='bbox 238 123 318 164; x_wconf 75' lang='lat'>¹58</span> 
     </span>
     <span class='ocr_line' id='line_1_2' title="bbox 172 193 1269 247; baseline -0.007 -11"><span class='ocrx_word' id='word_1_2' title='bbox 172 204 302 236; x_wconf 79' lang='lat' dir='ltr'>monio</span> <span class='ocrx_word' id='word_1_3' title='bbox 331 209 398 234; x_wconf 71' lang='lat' dir='ltr'>suo</span> <span class='ocrx_word' id='word_1_4' title='bbox 426 193 693 247; x_wconf 69' lang='lat' dir='ltr'>corfirmatas</span> <span class='ocrx_word' id='word_1_5' title='bbox 722 197 874 245; x_wconf 80' lang='lat' dir='ltr'>scriptis</span> <span class='ocrx_word' id='word_1_6' title='bbox 904 193 1106 232; x_wconf 78' lang='lat' dir='ltr'>mandare</span> <span class='ocrx_word' id='word_1_7' title='bbox 1134 205 1269 229; x_wconf 64' lang='lat' dir='ltr'>neces-</span> 
     </span>
     <span class='ocr_line' id='line_1_3' title="bbox 169 249 477 292; baseline -0.01 -4"><span class='ocrx_word' id='word_1_8' title='bbox 169 255 333 292; x_wconf 57' lang='lat' dir='ltr'>sariunt.⁴</span> <span class='ocrx_word' id='word_1_9' title='bbox 352 249 450 284; x_wconf 59' lang='lat' dir='ltr'>tloeit</span> <span class='ocrx_word' id='word_1_10' title='bbox 467 274 477 285; x_wconf 88' lang='grc'><strong>.</strong></span> 
     </span>
    </p>

    <p class='ocr_par' dir='ltr' id='par_1_2' title="bbox 166 295 1267 510">
     <span class='ocr_line' id='line_1_4' title="bbox 224 295 1267 353; baseline -0.003 -14"><span class='ocrx_word' id='word_1_11' title='bbox 224 317 285 340; x_wconf 78' lang='grc' dir='ltr'><strong>2ο.</strong></span> <span class='ocrx_word' id='word_1_12' title='bbox 316 302 353 338; x_wconf 70' lang='lat' dir='ltr'>S.</span> <span class='ocrx_word' id='word_1_13' title='bbox 386 300 628 353; x_wconf 74' lang='lat' dir='ltr'>Epiphanius</span> <span class='ocrx_word' id='word_1_14' title='bbox 658 300 772 338; x_wconf 78' lang='lat' dir='ltr'>Haer.</span> <span class='ocrx_word' id='word_1_15' title='bbox 795 301 898 339; x_wconf 76' lang='lat' dir='ltr'>LXI.</span> <span class='ocrx_word' id='word_1_16' title='bbox 948 299 1025 336; x_wconf 70' lang='lat' dir='ltr'>Sed</span> <span class='ocrx_word' id='word_1_17' title='bbox 1052 299 1101 337; x_wconf 62' lang='lat' dir='ltr'>(J</span> <span class='ocrx_word' id='word_1_18' title='bbox 1142 295 1267 332; x_wconf 72' lang='lat' dir='ltr'>tradi-</span> 
     </span>
     <span class='ocr_line' id='line_1_5' title="bbox 168 348 1267 405; baseline -0.008 -13"><span class='ocrx_word' id='word_1_19' title='bbox 168 360 272 393; x_wconf 64' lang='lat' dir='ltr'>tione</span> <span class='ocrx_word' id='word_1_20' title='bbox 290 367 435 405; x_wconf 65' lang='lat' dir='ltr'>qroque</span> <span class='ocrx_word' id='word_1_21' title='bbox 457 384 468 402; x_wconf 85' lang='lat'>,</span> <span class='ocrx_word' id='word_1_22' title='bbox 489 356 539 392; x_wconf 85' lang='lat' dir='ltr'>ait</span> <span class='ocrx_word' id='word_1_23' title='bbox 557 385 566 402; x_wconf 88' lang='lat'>‚</span> <span class='ocrx_word' id='word_1_24' title='bbox 587 368 680 404; x_wconf 81' lang='lat' dir='ltr'>opus</span> <span class='ocrx_word' id='word_1_25' title='bbox 701 364 758 392; x_wconf 84' lang='lat' dir='ltr'>est</span> <span class='ocrx_word' id='word_1_26' title='bbox 776 370 788 399; x_wconf 78' lang='grc'>,-</span> <span class='ocrx_word' id='word_1_27' title='bbox 811 367 935 403; x_wconf 67' lang='lat' dir='ltr'>neque</span> <span class='ocrx_word' id='word_1_28' title='bbox 951 355 1058 389; x_wconf 77' lang='lat' dir='ltr'>enim</span> <span class='ocrx_word' id='word_1_29' title='bbox 1089 361 1142 385; x_wconf 71' lang='lat' dir='ltr'>ex</span> <span class='ocrx_word' id='word_1_30' title='bbox 1162 348 1267 385; x_wconf 78' lang='lat' dir='ltr'>Scri-</span> 
     </span>
     <span class='ocr_line' id='line_1_6' title="bbox 166 403 1267 458; baseline -0.005 -14"><span class='ocrx_word' id='word_1_31' title='bbox 166 412 289 458; x_wconf 67' lang='lat' dir='ltr'>pluris</span> <span class='ocrx_word' id='word_1_32' title='bbox 316 412 394 457; x_wconf 81' lang='lat' dir='ltr'>peti</span> <span class='ocrx_word' id='word_1_33' title='bbox 422 416 581 457; x_wconf 78' lang='lat' dir='ltr'>possunt</span> <span class='ocrx_word' id='word_1_34' title='bbox 608 412 749 445; x_wconf 74' lang='lat' dir='ltr'>omnia</span> <span class='ocrx_word' id='word_1_35' title='bbox 766 435 775 445; x_wconf 94' lang='lat'>.</span> <span class='ocrx_word' id='word_1_36' title='bbox 805 407 954 444; x_wconf 58' lang='lat' dir='ltr'>Idcirco</span> <span class='ocrx_word' id='word_1_37' title='bbox 984 403 1068 439; x_wconf 75' lang='lat' dir='ltr'>alia</span> <span class='ocrx_word' id='word_1_38' title='bbox 1096 405 1239 450; x_wconf 77' lang='lat' dir='ltr'>scripto</span> <span class='ocrx_word' id='word_1_39' title='bbox 1256 430 1267 449; x_wconf 91' lang='lat'>,</span> 
     </span>
     <span class='ocr_line' id='line_1_7' title="bbox 166 455 1266 510; baseline -0.009 -12"><span class='ocrx_word' id='word_1_40' title='bbox 166 461 377 499; x_wconf 49' lang='lat' dir='ltr'>cratitione</span> <span class='ocrx_word' id='word_1_41' title='bbox 405 462 490 499; x_wconf 77' lang='lat' dir='ltr'>alia</span> <span class='ocrx_word' id='word_1_42' title='bbox 509 460 760 499; x_wconf 49' lang='lat' dir='ltr'>santia-simi</span> <span class='ocrx_word' id='word_1_43' title='bbox 790 458 962 510; x_wconf 75' lang='lat' dir='ltr'>Apostoli</span> <span class='ocrx_word' id='word_1_44' title='bbox 999 455 1239 503; x_wconf 73' lang='lat' dir='ltr'>relz‘qitertmt</span> <span class='ocrx_word' id='word_1_45' title='bbox 1256 481 1266 492; x_wconf 90' lang='lat'>.</span> 
     </span>
    </p>

    <p class='ocr_par' dir='ltr' id='par_1_3' title="bbox 162 507 1270 887">
     <span class='ocr_line' id='line_1_8' title="bbox 220 507 1266 567; baseline -0.006 -14"><span class='ocrx_word' id='word_1_46' title='bbox 220 529 284 553; x_wconf 82' lang='lat'>21.</span> <span class='ocrx_word' id='word_1_47' title='bbox 313 515 500 553; x_wconf 79' lang='lat' dir='ltr'>Eusebius</span> <span class='ocrx_word' id='word_1_48' title='bbox 541 516 731 567; x_wconf 81' lang='lat' dir='ltr'>denique,</span> <span class='ocrx_word' id='word_1_49' title='bbox 774 516 789 563; x_wconf 92' lang='lat'><strong>(</strong></span> <span class='ocrx_word' id='word_1_50' title='bbox 820 521 856 548; x_wconf 89' lang='lat' dir='ltr'>ut</span> <span class='ocrx_word' id='word_1_51' title='bbox 887 509 1014 559; x_wconf 73' lang='lat' dir='ltr'>plures</span> <span class='ocrx_word' id='word_1_52' title='bbox 1043 507 1137 545; x_wconf 78' lang='lat' dir='ltr'>alios</span> <span class='ocrx_word' id='word_1_53' title='bbox 1166 521 1266 546; x_wconf 77' lang='lat' dir='ltr'>nuuc</span> 
     </span>
     <span class='ocr_line' id='line_1_9' title="bbox 165 561 1268 620; baseline -0.007 -15"><span class='ocrx_word' id='word_1_54' title='bbox 165 571 413 615; x_wconf 72' lang='lat' dir='ltr'>omittamus,</span> <span class='ocrx_word' id='word_1_55' title='bbox 453 582 616 620; x_wconf 77' lang='lat' dir='ltr'>quorum</span> <span class='ocrx_word' id='word_1_56' title='bbox 648 566 806 604; x_wconf 80' lang='lat' dir='ltr'>inferius</span> <span class='ocrx_word' id='word_1_57' title='bbox 837 561 1055 599; x_wconf 82' lang='lat' dir='ltr'>testimonia</span> <span class='ocrx_word' id='word_1_58' title='bbox 1083 569 1268 612; x_wconf 87' lang='lat' dir='ltr'>opportu-</span> 
     </span>
     <span class='ocr_line' id='line_1_10' title="bbox 165 613 1269 670; baseline -0.008 -10"><span class='ocrx_word' id='word_1_59' title='bbox 165 625 252 660; x_wconf 89' lang='lat' dir='ltr'>nius</span> <span class='ocrx_word' id='word_1_60' title='bbox 282 630 489 660; x_wconf 78' lang='lat' dir='ltr'>asserentur</span> <span class='ocrx_word' id='word_1_61' title='bbox 512 623 525 669; x_wconf 92' lang='lat'>)</span> <span class='ocrx_word' id='word_1_62' title='bbox 556 622 599 657; x_wconf 86' lang='lat' dir='ltr'>de</span> <span class='ocrx_word' id='word_1_63' title='bbox 621 617 805 670; x_wconf 70' lang='lat' dir='ltr'>Apostolis</span> <span class='ocrx_word' id='word_1_64' title='bbox 835 614 995 666; x_wconf 85' lang='lat' dir='ltr'>loquens</span> <span class='ocrx_word' id='word_1_65' title='bbox 1017 613 1106 652; x_wconf 83' lang='lat' dir='ltr'>Lib.</span> <span class='ocrx_word' id='word_1_66' title='bbox 1128 615 1157 650; x_wconf 90' lang='lat' dir='ltr'>I.</span> <span class='ocrx_word' id='word_1_67' title='bbox 1188 614 1269 651; x_wconf 81' lang='lat' dir='ltr'>De—</span> 
     </span>
     <span class='ocr_line' id='line_1_11' title="bbox 165 667 1270 722; baseline -0.006 -10"><span class='ocrx_word' id='word_1_68' title='bbox 165 686 332 714; x_wconf 75' lang='lat' dir='ltr'>monstr.</span> <span class='ocrx_word' id='word_1_69' title='bbox 363 675 557 715; x_wconf 52' lang='lat' dir='ltr'>Effinge-1¹.</span> <span class='ocrx_word' id='word_1_70' title='bbox 587 687 671 722; x_wconf 76' lang='lat' dir='ltr'>cap.</span> <span class='ocrx_word' id='word_1_71' title='bbox 694 670 731 707; x_wconf 73' lang='lat' dir='ltr'>S.</span> <span class='ocrx_word' id='word_1_72' title='bbox 755 668 816 706; x_wconf 76' lang='lat' dir='ltr'>&#39;ad</span> <span class='ocrx_word' id='word_1_73' title='bbox 844 667 1155 704; x_wconf 74' lang='lat' dir='ltr'>imbecillitatem</span> <span class='ocrx_word' id='word_1_74' title='bbox 1173 697 1183 715; x_wconf 94' lang='lat'>,</span> <span class='ocrx_word' id='word_1_75' title='bbox 1215 669 1270 705; x_wconf 89' lang='lat' dir='ltr'>in-</span> 
     </span>
     <span class='ocr_line' id='line_1_12' title="bbox 166 716 1268 782; baseline -0.005 -18"><span class='ocrx_word' id='word_1_76' title='bbox 166 732 249 782; x_wconf 72' lang='lat' dir='ltr'>quit</span> <span class='ocrx_word' id='word_1_77' title='bbox 267 760 277 777; x_wconf 73' lang='lat'>,</span> <span class='ocrx_word' id='word_1_78' title='bbox 316 716 527 773; x_wconf 56' lang='lat' dir='ltr'>maffarifin</span> <span class='ocrx_word' id='word_1_79' title='bbox 557 738 599 762; x_wconf 80' lang='lat' dir='ltr'>se</span> <span class='ocrx_word' id='word_1_80' title='bbox 627 725 879 760; x_wconf 66' lang='lat' dir='ltr'>demittentes</span> <span class='ocrx_word' id='word_1_81' title='bbox 922 725 1071 771; x_wconf 81' lang='lat' dir='ltr'>partim</span> <span class='ocrx_word' id='word_1_82' title='bbox 1101 721 1268 770; x_wconf 74' lang='lat' dir='ltr'>litteris,</span> 
     </span>
     <span class='ocr_line' id='line_1_13' title="bbox 163 773 1269 833; baseline -0.005 -17"><span class='ocrx_word' id='word_1_83' title='bbox 163 786 310 833; x_wconf 73' lang='lat' dir='ltr'>partim</span> <span class='ocrx_word' id='word_1_84' title='bbox 332 786 416 819; x_wconf 81' lang='lat' dir='ltr'>sine</span> <span class='ocrx_word' id='word_1_85' title='bbox 437 782 573 816; x_wconf 77' lang='lat' dir='ltr'>litteris</span> <span class='ocrx_word' id='word_1_86' title='bbox 590 807 599 825; x_wconf 91' lang='lat'>,</span> <span class='ocrx_word' id='word_1_87' title='bbox 629 779 745 827; x_wconf 66' lang='lat' dir='ltr'>quast</span> <span class='ocrx_word' id='word_1_88' title='bbox 767 777 859 827; x_wconf 72' lang='lat' dir='ltr'>jure</span> <span class='ocrx_word' id='word_1_89' title='bbox 877 773 1052 827; x_wconf 78' lang='lat' dir='ltr'>quodam</span> <span class='ocrx_word' id='word_1_90' title='bbox 1072 788 1152 812; x_wconf 84' lang='lat' dir='ltr'>non</span> <span class='ocrx_word' id='word_1_91' title='bbox 1172 779 1269 812; x_wconf 80' lang='lat' dir='ltr'>scri-</span> 
     </span>
     <span class='ocr_line' id='line_1_14' title="bbox 162 828 1235 887; baseline -0.011 -14"><span class='ocrx_word' id='word_1_92' title='bbox 162 846 227 887; x_wconf 75' lang='lat' dir='ltr'>pio</span> <span class='ocrx_word' id='word_1_93' title='bbox 256 833 455 873; x_wconf 53' lang='lat' dir='ltr'>servanda</span> <span class='ocrx_word' id='word_1_94' title='bbox 484 828 845 869; x_wconf 73' lang='lat' dir='ltr'>commendarunt.</span> <span class='ocrx_word' id='word_1_95' title='bbox 1230 861 1235 865; x_wconf 71' lang='grc'>,</span> 
     </span>
    </p>

    <p class='ocr_par' dir='ltr' id='par_1_4' title="bbox 158 882 1270 1681">
     <span class='ocr_line' id='line_1_15' title="bbox 219 882 1269 935; baseline -0.007 -8"><span class='ocrx_word' id='word_1_96' title='bbox 219 903 282 927; x_wconf 87' lang='grc'><strong>22.</strong></span> <span class='ocrx_word' id='word_1_97' title='bbox 313 888 422 925; x_wconf 64' lang='lat' dir='ltr'>Proh.</span> <span class='ocrx_word' id='word_1_98' title='bbox 452 884 615 922; x_wconf 81' lang='lat' dir='ltr'>secunda</span> <span class='ocrx_word' id='word_1_99' title='bbox 645 897 754 935; x_wconf 87' lang='lat' dir='ltr'>pars,</span> <span class='ocrx_word' id='word_1_100' title='bbox 791 895 932 933; x_wconf 83' lang='lat' dir='ltr'><strong>nempe</strong></span> <span class='ocrx_word' id='word_1_101' title='bbox 960 882 1180 920; x_wconf 78' lang='lat' dir='ltr'>traditiones</span> <span class='ocrx_word' id='word_1_102' title='bbox 1215 896 1269 920; x_wconf 86' lang='lat' dir='ltr'>es-</span> 
     </span>
     <span class='ocr_line' id='line_1_16' title="bbox 161 935 1267 988; baseline -0.006 -8"><span class='ocrx_word' id='word_1_103' title='bbox 161 956 200 979; x_wconf 87' lang='lat' dir='ltr'>se</span> <span class='ocrx_word' id='word_1_104' title='bbox 241 940 466 979; x_wconf 79' lang='lat' dir='ltr'>necessarias</span> <span class='ocrx_word' id='word_1_105' title='bbox 513 938 560 975; x_wconf 88' lang='lat' dir='ltr'>ad</span> <span class='ocrx_word' id='word_1_106' title='bbox 601 936 851 974; x_wconf 82' lang='lat' dir='ltr'>orthodoxum</span> <span class='ocrx_word' id='word_1_107' title='bbox 898 935 1027 974; x_wconf 78' lang='lat' dir='ltr'>Sacrae</span> <span class='ocrx_word' id='word_1_108' title='bbox 1055 936 1267 988; x_wconf 75' lang='lat' dir='ltr'>Scriptura:</span> 
     </span>
     <span class='ocr_line' id='line_1_17' title="bbox 160 989 1269 1042; baseline -0.005 -11"><span class='ocrx_word' id='word_1_109' title='bbox 160 1007 310 1032; x_wconf 80' lang='lat' dir='ltr'>sensum</span> <span class='ocrx_word' id='word_1_110' title='bbox 338 991 697 1038; x_wconf 78' lang='lat' dir='ltr'>determinandum,</span> <span class='ocrx_word' id='word_1_111' title='bbox 735 990 785 1027; x_wconf 76' lang='lat' dir='ltr'>vde</span> <span class='ocrx_word' id='word_1_112' title='bbox 814 1004 889 1042; x_wconf 86' lang='lat' dir='ltr'>qua</span> <span class='ocrx_word' id='word_1_113' title='bbox 920 998 1047 1027; x_wconf 83' lang='lat' dir='ltr'>tamen</span> <span class='ocrx_word' id='word_1_114' title='bbox 1094 989 1269 1041; x_wconf 81' lang='lat' dir='ltr'><strong>plerique</strong></span> 
     </span>
     <span class='ocr_line' id='line_1_18' title="bbox 159 1042 1270 1094; baseline -0.005 -9"><span class='ocrx_word' id='word_1_115' title='bbox 159 1046 463 1085; x_wconf 79' lang='lat' dir='ltr'>adversariorum</span> <span class='ocrx_word' id='word_1_116' title='bbox 493 1045 604 1082; x_wconf 82' lang='lat' dir='ltr'>nobis</span> <span class='ocrx_word' id='word_1_117' title='bbox 645 1045 884 1082; x_wconf 80' lang='lat' dir='ltr'>consentiunt</span> <span class='ocrx_word' id='word_1_118' title='bbox 915 1042 1008 1094; x_wconf 88' lang='lat' dir='ltr'>(a).</span> <span class='ocrx_word' id='word_1_119' title='bbox 1052 1042 1203 1094; x_wconf 66' lang='lat' dir='ltr'>Saepius</span> <span class='ocrx_word' id='word_1_120' title='bbox 1231 1057 1270 1080; x_wconf 87' lang='lat' dir='ltr'>e-</span> 
     </span>
     <span class='ocr_line' id='line_1_19' title="bbox 160 1095 1264 1150; baseline -0.005 -12"><span class='ocrx_word' id='word_1_121' title='bbox 160 1102 243 1138; x_wconf 73' lang='lat' dir='ltr'>nim</span> <span class='ocrx_word' id='word_1_122' title='bbox 274 1100 483 1150; x_wconf 78' lang='lat' dir='ltr'>contingit,</span> <span class='ocrx_word' id='word_1_123' title='bbox 514 1100 592 1135; x_wconf 87' lang='lat' dir='ltr'>sive</span> <span class='ocrx_word' id='word_1_124' title='bbox 623 1099 750 1146; x_wconf 79' lang='lat' dir='ltr'>innata</span> <span class='ocrx_word' id='word_1_125' title='bbox 779 1097 1034 1149; x_wconf 79' lang='lat' dir='ltr'>quorumdam</span> <span class='ocrx_word' id='word_1_126' title='bbox 1053 1095 1264 1148; x_wconf 83' lang='lat' dir='ltr'>Scripturae</span> 
     </span>
     <span class='ocr_line' id='line_1_20' title="bbox 161 1148 1266 1201; baseline -0.002 -12"><span class='ocrx_word' id='word_1_127' title='bbox 161 1153 335 1191; x_wconf 83' lang='lat' dir='ltr'>locorum</span> <span class='ocrx_word' id='word_1_128' title='bbox 362 1152 590 1190; x_wconf 76' lang='lat' dir='ltr'>obscuritate</span> <span class='ocrx_word' id='word_1_129' title='bbox 611 1181 621 1198; x_wconf 89' lang='lat'>,</span> <span class='ocrx_word' id='word_1_130' title='bbox 652 1152 730 1188; x_wconf 90' lang='lat' dir='ltr'>sive</span> <span class='ocrx_word' id='word_1_131' title='bbox 764 1148 966 1187; x_wconf 81' lang='lat' dir='ltr'>hominum</span> <span class='ocrx_word' id='word_1_132' title='bbox 1001 1149 1266 1201; x_wconf 71' lang='lat' dir='ltr'>praejudiciis,</span> 
     </span>
     <span class='ocr_line' id='line_1_21' title="bbox 160 1200 1267 1258; baseline -0.004 -16"><span class='ocrx_word' id='word_1_133' title='bbox 160 1206 194 1241; x_wconf 71' lang='grc' dir='ltr'>ἃ</span> <span class='ocrx_word' id='word_1_134' title='bbox 224 1206 492 1258; x_wconf 83' lang='lat' dir='ltr'>perversitate,</span> <span class='ocrx_word' id='word_1_135' title='bbox 521 1213 563 1242; x_wconf 61' lang='lat' dir='ltr'>u*</span> <span class='ocrx_word' id='word_1_136' title='bbox 591 1205 638 1241; x_wconf 90' lang='lat' dir='ltr'>de</span> <span class='ocrx_word' id='word_1_137' title='bbox 667 1216 783 1250; x_wconf 73' lang='lat' dir='ltr'>vem,</span> <span class='ocrx_word' id='word_1_138' title='bbox 827 1218 871 1240; x_wconf 84' lang='lat' dir='ltr'>ac</span> <span class='ocrx_word' id='word_1_139' title='bbox 900 1200 1065 1254; x_wconf 77' lang='lat' dir='ltr'>genuino</span> <span class='ocrx_word' id='word_1_140' title='bbox 1094 1202 1267 1253; x_wconf 85' lang='lat' dir='ltr'>ejusdem</span> 
     </span>
     <span class='ocr_line' id='line_1_22' title="bbox 160 1255 1269 1311; baseline -0.005 -14"><span class='ocrx_word' id='word_1_141' title='bbox 160 1260 370 1311; x_wconf 73' lang='lat' dir='ltr'>Scripturze</span> <span class='ocrx_word' id='word_1_142' title='bbox 399 1271 511 1296; x_wconf 85' lang='lat' dir='ltr'>sensu</span> <span class='ocrx_word' id='word_1_143' title='bbox 540 1257 801 1295; x_wconf 65' lang='lat' dir='ltr'>controversia·</span> <span class='ocrx_word' id='word_1_144' title='bbox 839 1258 1077 1292; x_wconf 70' lang='lat' dir='ltr'>excitentur.</span> <span class='ocrx_word' id='word_1_145' title='bbox 1121 1255 1180 1292; x_wconf 73' lang='lat' dir='ltr'>Ad</span> <span class='ocrx_word' id='word_1_146' title='bbox 1208 1268 1269 1292; x_wconf 83' lang='lat' dir='ltr'>eas</span> 
     </span>
     <span class='ocr_line' id='line_1_23' title="bbox 161 1308 1269 1359; baseline -0.005 -10"><span class='ocrx_word' id='word_1_147' title='bbox 161 1321 289 1349; x_wconf 70' lang='lat' dir='ltr'>autem</span> <span class='ocrx_word' id='word_1_148' title='bbox 330 1312 517 1349; x_wconf 78' lang='lat' dir='ltr'>finiendas</span> <span class='ocrx_word' id='word_1_149' title='bbox 546 1308 645 1347; x_wconf 85' lang='lat' dir='ltr'>nihil</span> <span class='ocrx_word' id='word_1_150' title='bbox 689 1310 812 1359; x_wconf 86' lang='lat' dir='ltr'>aptius</span> <span class='ocrx_word' id='word_1_151' title='bbox 841 1321 917 1344; x_wconf 75' lang='lat' dir='ltr'>esse</span> <span class='ocrx_word' id='word_1_152' title='bbox 959 1315 1106 1358; x_wconf 87' lang='lat' dir='ltr'>potest,</span> <span class='ocrx_word' id='word_1_153' title='bbox 1149 1320 1269 1358; x_wconf 82' lang='lat' dir='ltr'>quam</span> 
     </span>
     <span class='ocr_line' id='line_1_24' title="bbox 161 1359 1268 1417; baseline -0.007 -14"><span class='ocrx_word' id='word_1_154' title='bbox 161 1367 317 1417; x_wconf 80' lang='lat' dir='ltr'>antiqua</span> <span class='ocrx_word' id='word_1_155' title='bbox 347 1363 522 1401; x_wconf 87' lang='lat' dir='ltr'>fidelium</span> <span class='ocrx_word' id='word_1_156' title='bbox 553 1361 726 1399; x_wconf 85' lang='lat' dir='ltr'>traditio:</span> <span class='ocrx_word' id='word_1_157' title='bbox 769 1374 814 1397; x_wconf 85' lang='lat' dir='ltr'>ea</span> <span class='ocrx_word' id='word_1_158' title='bbox 842 1360 946 1396; x_wconf 87' lang='lat' dir='ltr'>enim</span> <span class='ocrx_word' id='word_1_159' title='bbox 976 1359 1092 1396; x_wconf 84' lang='lat' dir='ltr'>facile</span> <span class='ocrx_word' id='word_1_160' title='bbox 1121 1361 1268 1397; x_wconf 77' lang='lat' dir='ltr'>innote-</span> 
     </span>
     <span class='ocr_line' id='line_1_25' title="bbox 160 1412 1268 1468; baseline -0.005 -12"><span class='ocrx_word' id='word_1_161' title='bbox 160 1420 255 1465; x_wconf 84' lang='lat' dir='ltr'>scit,</span> <span class='ocrx_word' id='word_1_162' title='bbox 297 1416 488 1468; x_wconf 75' lang='lat' dir='ltr'>quomodo</span> <span class='ocrx_word' id='word_1_163' title='bbox 515 1430 538 1452; x_wconf 84' lang='lat' dir='ltr'>a</span> <span class='ocrx_word' id='word_1_164' title='bbox 567 1415 703 1465; x_wconf 81' lang='lat' dir='ltr'>primis</span> <span class='ocrx_word' id='word_1_165' title='bbox 733 1412 999 1464; x_wconf 70' lang='lat' dir='ltr'>Apostolorum</span> <span class='ocrx_word' id='word_1_166' title='bbox 1030 1413 1268 1464; x_wconf 68' lang='lat' dir='ltr'>temporibus</span> 
     </span>
     <span class='ocr_line' id='line_1_26' title="bbox 158 1465 1267 1521; baseline -0.004 -13"><span class='ocrx_word' id='word_1_167' title='bbox 158 1470 227 1508; x_wconf 77' lang='lat' dir='ltr'>illa</span> <span class='ocrx_word' id='word_1_168' title='bbox 247 1470 456 1521; x_wconf 82' lang='lat' dir='ltr'>Scripturae</span> <span class='ocrx_word' id='word_1_169' title='bbox 484 1467 570 1506; x_wconf 81' lang='lat' dir='ltr'>loca</span> <span class='ocrx_word' id='word_1_170' title='bbox 600 1467 740 1504; x_wconf 80' lang='lat' dir='ltr'>fuerint</span> <span class='ocrx_word' id='word_1_171' title='bbox 771 1465 982 1504; x_wconf 61' lang='lat' dir='ltr'>intelteffl:</span> <span class='ocrx_word' id='word_1_172' title='bbox 1019 1480 1181 1518; x_wconf 85' lang='lat' dir='ltr'>eamque</span> <span class='ocrx_word' id='word_1_173' title='bbox 1212 1481 1267 1504; x_wconf 90' lang='lat' dir='ltr'>es-</span> 
     </span>
     <span class='ocr_line' id='line_1_27' title="bbox 158 1519 1268 1573; baseline -0.004 -13"><span class='ocrx_word' id='word_1_174' title='bbox 158 1537 196 1561; x_wconf 82' lang='lat' dir='ltr'>se</span> <span class='ocrx_word' id='word_1_175' title='bbox 223 1522 433 1573; x_wconf 75' lang='lat' dir='ltr'>legitimam</span> <span class='ocrx_word' id='word_1_176' title='bbox 476 1519 560 1571; x_wconf 86' lang='lat' dir='ltr'>ejus</span> <span class='ocrx_word' id='word_1_177' title='bbox 596 1521 945 1572; x_wconf 59' lang='lat' dir='ltr'>interpretationem</span> <span class='ocrx_word' id='word_1_178' title='bbox 986 1528 1090 1558; x_wconf 85' lang='lat' dir='ltr'>certo</span> <span class='ocrx_word' id='word_1_179' title='bbox 1131 1521 1268 1561; x_wconf 80' lang='lat' dir='ltr'>certius</span> 
     </span>
     <span class='ocr_line' id='line_1_28' title="bbox 159 1572 1266 1627; baseline -0.003 -14"><span class='ocrx_word' id='word_1_180' title='bbox 159 1574 396 1627; x_wconf 77' lang='lat' dir='ltr'>colligimus,</span> <span class='ocrx_word' id='word_1_181' title='bbox 426 1574 750 1627; x_wconf 84' lang='lat' dir='ltr'>quaeconstanti,</span> <span class='ocrx_word' id='word_1_182' title='bbox 780 1572 1044 1611; x_wconf 83' lang='lat' dir='ltr'>&amp;universali</span> <span class='ocrx_word' id='word_1_183' title='bbox 1073 1572 1266 1624; x_wconf 81' lang='lat' dir='ltr'>majorum</span> 
     </span>
     <span class='ocr_line' id='line_1_29' title="bbox 158 1627 987 1681; baseline -0.004 -14"><span class='ocrx_word' id='word_1_184' title='bbox 158 1629 360 1668; x_wconf 81' lang='lat' dir='ltr'>traditione</span> <span class='ocrx_word' id='word_1_185' title='bbox 389 1640 538 1681; x_wconf 82' lang='lat' dir='ltr'>semper</span> <span class='ocrx_word' id='word_1_186' title='bbox 567 1629 604 1665; x_wconf 87' lang='lat' dir='ltr'>in</span> <span class='ocrx_word' id='word_1_187' title='bbox 634 1627 811 1665; x_wconf 81' lang='lat' dir='ltr'>Ecclesia</span> <span class='ocrx_word' id='word_1_188' title='bbox 841 1628 987 1678; x_wconf 83' lang='lat' dir='ltr'>viguit.</span> 
     </span>
    </p>

    <p class='ocr_par' dir='ltr' id='par_1_5' title="bbox 158 1680 1274 2641">
     <span class='ocr_line' id='line_1_30' title="bbox 215 1680 1269 1732; baseline -0.002 -12"><span class='ocrx_word' id='word_1_189' title='bbox 215 1683 277 1720; x_wconf 75' lang='lat'>23.</span> <span class='ocrx_word' id='word_1_190' title='bbox 306 1682 420 1720; x_wconf 78' lang='lat' dir='ltr'>Hanc</span> <span class='ocrx_word' id='word_1_191' title='bbox 450 1683 635 1719; x_wconf 84' lang='lat' dir='ltr'>rationem</span> <span class='ocrx_word' id='word_1_192' title='bbox 678 1682 731 1718; x_wconf 81' lang='lat' dir='ltr'>ita</span> <span class='ocrx_word' id='word_1_193' title='bbox 767 1680 861 1717; x_wconf 88' lang='lat' dir='ltr'>olim</span> <span class='ocrx_word' id='word_1_194' title='bbox 905 1680 1141 1732; x_wconf 76' lang='lat' dir='ltr'>proponebat</span> <span class='ocrx_word' id='word_1_195' title='bbox 1170 1680 1269 1719; x_wconf 88' lang='lat' dir='ltr'>Vin-</span> 
     </span>
     <span class='ocr_line' id='line_1_31' title="bbox 159 1733 1270 1774; baseline -0.001 -1"><span class='ocrx_word' id='word_1_196' title='bbox 159 1738 303 1773; x_wconf 85' lang='lat' dir='ltr'>ceutius</span> <span class='ocrx_word' id='word_1_197' title='bbox 332 1736 541 1774; x_wconf 75' lang='lat' dir='ltr'>Lirinensis</span> <span class='ocrx_word' id='word_1_198' title='bbox 585 1736 626 1772; x_wconf 89' lang='lat' dir='ltr'>in</span> <span class='ocrx_word' id='word_1_199' title='bbox 664 1747 730 1771; x_wconf 86' lang='lat' dir='ltr'>suo</span> <span class='ocrx_word' id='word_1_200' title='bbox 763 1733 1074 1771; x_wconf 75' lang='lat' dir='ltr'>Commonitorio</span> <span class='ocrx_word' id='word_1_201' title='bbox 1108 1735 1136 1771; x_wconf 84' lang='grc' dir='ltr'><strong>Ι.</strong></span> <span class='ocrx_word' id='word_1_202' title='bbox 1167 1748 1202 1772; x_wconf 89' lang='lat' dir='ltr'>c.</span> <span class='ocrx_word' id='word_1_203' title='bbox 1233 1748 1270 1772; x_wconf 84' lang='grc'><strong>2.</strong></span> 
     </span>
     <span class='ocr_line' id='line_1_32' title="bbox 164 1788 1271 1839; baseline 0.001 -15"><span class='ocrx_word' id='word_1_204' title='bbox 164 1789 260 1838; x_wconf 76' lang='lat' dir='ltr'>Quis</span> <span class='ocrx_word' id='word_1_205' title='bbox 290 1788 541 1838; x_wconf 74' lang='lat' dir='ltr'>Scripturam</span> <span class='ocrx_word' id='word_1_206' title='bbox 571 1788 771 1835; x_wconf 82' lang='lat' dir='ltr'>Sacrani,</span> <span class='ocrx_word' id='word_1_207' title='bbox 802 1788 948 1839; x_wconf 83' lang='lat' dir='ltr'>inquit,</span> <span class='ocrx_word' id='word_1_208' title='bbox 977 1800 1048 1836; x_wconf 81' lang='lat' dir='ltr'>pro</span> <span class='ocrx_word' id='word_1_209' title='bbox 1079 1790 1166 1837; x_wconf 77' lang='lat' dir='ltr'>ipsa</span> <span class='ocrx_word' id='word_1_210' title='bbox 1195 1801 1271 1825; x_wconf 74' lang='lat' dir='ltr'>sita</span> 
     </span>
     <span class='ocr_line' id='line_1_33' title="bbox 158 1840 1271 1891; baseline -0.001 -12"><span class='ocrx_word' id='word_1_211' title='bbox 158 1842 368 1879; x_wconf 66' lang='lat' dir='ltr'>altitudine</span> <span class='ocrx_word' id='word_1_212' title='bbox 389 1855 468 1879; x_wconf 84' lang='lat' dir='ltr'>non</span> <span class='ocrx_word' id='word_1_213' title='bbox 498 1855 576 1878; x_wconf 79' lang='lat' dir='ltr'>uno</span> <span class='ocrx_word' id='word_1_214' title='bbox 594 1871 604 1890; x_wconf 81' lang='lat'>,</span> <span class='ocrx_word' id='word_1_215' title='bbox 634 1840 848 1891; x_wconf 73' lang='lat' dir='ltr'>eodemque</span> <span class='ocrx_word' id='word_1_216' title='bbox 877 1855 994 1878; x_wconf 78' lang='lat' dir='ltr'>sensu</span> <span class='ocrx_word' id='word_1_217' title='bbox 1016 1846 1185 1879; x_wconf 65' lang='lat' dir='ltr'>universi</span> <span class='ocrx_word' id='word_1_218' title='bbox 1201 1854 1271 1879; x_wconf 82' lang='lat' dir='ltr'>ac-</span> 
     </span>
     <span class='ocr_line' id='line_1_34' title="bbox 159 1894 1270 1945; baseline -0.001 -13"><span class='ocrx_word' id='word_1_219' title='bbox 159 1899 309 1945; x_wconf 80' lang='lat' dir='ltr'>cipiunt</span> <span class='ocrx_word' id='word_1_220' title='bbox 325 1925 335 1943; x_wconf 91' lang='lat'>,</span> <span class='ocrx_word' id='word_1_221' title='bbox 365 1894 435 1932; x_wconf 61' lang='lat' dir='ltr'>sest</span> <span class='ocrx_word' id='word_1_222' title='bbox 455 1895 633 1945; x_wconf 75' lang='lat' dir='ltr'>ejusdem</span> <span class='ocrx_word' id='word_1_223' title='bbox 656 1895 810 1945; x_wconf 77' lang='lat' dir='ltr'>eloquia</span> <span class='ocrx_word' id='word_1_224' title='bbox 832 1895 973 1942; x_wconf 83' lang='lat' dir='ltr'>aliter,</span> <span class='ocrx_word' id='word_1_225' title='bbox 1003 1903 1122 1945; x_wconf 78' lang='lat' dir='ltr'>atque</span> <span class='ocrx_word' id='word_1_226' title='bbox 1149 1895 1270 1932; x_wconf 77' lang='lat' dir='ltr'>aliter</span> 
     </span>
     <span class='ocr_line' id='line_1_35' title="bbox 159 1948 1270 1998; baseline -0.002 -12"><span class='ocrx_word' id='word_1_227' title='bbox 159 1951 291 1996; x_wconf 69' lang='lat' dir='ltr'>alius,</span> <span class='ocrx_word' id='word_1_228' title='bbox 335 1957 452 1998; x_wconf 77' lang='lat' dir='ltr'>atque</span> <span class='ocrx_word' id='word_1_229' title='bbox 481 1948 585 1985; x_wconf 77' lang='lat' dir='ltr'>alias</span> <span class='ocrx_word' id='word_1_230' title='bbox 622 1950 935 1995; x_wconf 77' lang='lat' dir='ltr'>interpretatur,</span> <span class='ocrx_word' id='word_1_231' title='bbox 978 1956 1019 1982; x_wconf 81' lang='lat' dir='ltr'>ut</span> <span class='ocrx_word' id='word_1_232' title='bbox 1048 1960 1150 1996; x_wconf 80' lang='lat' dir='ltr'>pene</span> <span class='ocrx_word' id='word_1_233' title='bbox 1177 1957 1270 1997; x_wconf 76' lang='lat' dir='ltr'>quot</span> 
     </span>
     <span class='ocr_line' id='line_1_36' title="bbox 161 2000 1271 2050; baseline -0.002 -11"><span class='ocrx_word' id='word_1_234' title='bbox 161 2001 342 2039; x_wconf 75' lang='lat' dir='ltr'>homines</span> <span class='ocrx_word' id='word_1_235' title='bbox 369 2010 480 2048; x_wconf 80' lang='lat' dir='ltr'>sunt,</span> <span class='ocrx_word' id='word_1_236' title='bbox 510 2009 566 2037; x_wconf 79' lang='lat' dir='ltr'>tot</span> <span class='ocrx_word' id='word_1_237' title='bbox 595 2000 702 2037; x_wconf 86' lang='lat' dir='ltr'>illinc</span> <span class='ocrx_word' id='word_1_238' title='bbox 729 2003 943 2037; x_wconf 81' lang='lat' dir='ltr'>sententiae</span> <span class='ocrx_word' id='word_1_239' title='bbox 973 2003 1057 2036; x_wconf 80' lang='lat' dir='ltr'>erui</span> <span class='ocrx_word' id='word_1_240' title='bbox 1086 2008 1199 2050; x_wconf 78' lang='lat' dir='ltr'>posse</span> <span class='ocrx_word' id='word_1_241' title='bbox 1219 2005 1271 2037; x_wconf 65' lang='lat' dir='ltr'>vi-</span> 
     </span>
     <span class='ocr_line' id='line_1_37' title="bbox 161 2051 1272 2102; baseline -0.003 -9"><span class='ocrx_word' id='word_1_242' title='bbox 161 2055 332 2093; x_wconf 77' lang='lat' dir='ltr'>deantur</span> <span class='ocrx_word' id='word_1_243' title='bbox 349 2082 360 2092; x_wconf 91' lang='lat'>.</span> <span class='ocrx_word' id='word_1_244' title='bbox 390 2054 515 2091; x_wconf 82' lang='lat' dir='ltr'>Aliter</span> <span class='ocrx_word' id='word_1_245' title='bbox 542 2066 719 2102; x_wconf 72' lang='lat' dir='ltr'>namque</span> <span class='ocrx_word' id='word_1_246' title='bbox 751 2053 864 2091; x_wconf 85' lang='lat' dir='ltr'>illam</span> <span class='ocrx_word' id='word_1_247' title='bbox 883 2051 1138 2090; x_wconf 63' lang='lat' dir='ltr'>Novaztanus</span> <span class='ocrx_word' id='word_1_248' title='bbox 1156 2083 1166 2101; x_wconf 95' lang='lat'>,</span> <span class='ocrx_word' id='word_1_249' title='bbox 1196 2054 1272 2091; x_wconf 85' lang='lat' dir='ltr'>ali·</span> 
     </span>
     <span class='ocr_line' id='line_1_38' title="bbox 163 2105 1272 2157; baseline -0.001 -12"><span class='ocrx_word' id='word_1_250' title='bbox 163 2117 226 2146; x_wconf 79' lang='lat' dir='ltr'>ter</span> <span class='ocrx_word' id='word_1_251' title='bbox 244 2108 463 2154; x_wconf 68' lang='lat' dir='ltr'>sabellius,</span> <span class='ocrx_word' id='word_1_252' title='bbox 494 2105 821 2143; x_wconf 66' lang='lat' dir='ltr'>aliter-Donatus</span> <span class='ocrx_word' id='word_1_253' title='bbox 849 2109 1042 2157; x_wconf 75' lang='lat' dir='ltr'>exponit,</span> <span class='ocrx_word' id='word_1_254' title='bbox 1072 2107 1190 2144; x_wconf 82' lang='lat' dir='ltr'>aliter</span> <span class='ocrx_word' id='word_1_255' title='bbox 1219 2106 1272 2144; x_wconf 88' lang='lat' dir='ltr'>A-</span> 
     </span>
     <span class='ocr_line' id='line_1_39' title="bbox 159 2158 1271 2208; baseline -0.003 -9"><span class='ocrx_word' id='word_1_256' title='bbox 159 2165 242 2200; x_wconf 78' lang='lat' dir='ltr'>rius</span> <span class='ocrx_word' id='word_1_257' title='bbox 261 2191 271 2208; x_wconf 87' lang='lat'>,</span> <span class='ocrx_word' id='word_1_258' title='bbox 301 2160 552 2207; x_wconf 77' lang='lat' dir='ltr'>Eumenius,</span> <span class='ocrx_word' id='word_1_259' title='bbox 583 2158 876 2206; x_wconf 78' lang='lat' dir='ltr'>Maceclonius,</span> <span class='ocrx_word' id='word_1_260' title='bbox 906 2160 1026 2196; x_wconf 81' lang='lat' dir='ltr'>aliter</span> <span class='ocrx_word' id='word_1_261' title='bbox 1045 2158 1271 2207; x_wconf 73' lang='lat' dir='ltr'>Photinius,</span> 
     </span>
     <span class='ocr_line' id='line_1_40' title="bbox 158 2211 1274 2266; baseline -0.003 -13"><span class='ocrx_word' id='word_1_262' title='bbox 158 2215 429 2266; x_wconf 73' lang='lat' dir='ltr'>Apollinaris,</span> <span class='ocrx_word' id='word_1_263' title='bbox 452 2212 751 2259; x_wconf 82' lang='lat' dir='ltr'>Priscillianus,</span> <span class='ocrx_word' id='word_1_264' title='bbox 780 2212 897 2250; x_wconf 83' lang='lat' dir='ltr'>aliter</span> <span class='ocrx_word' id='word_1_265' title='bbox 915 2211 1170 2260; x_wconf 59' lang='lat' dir='ltr'>Iovinianus,</span> <span class='ocrx_word' id='word_1_266' title='bbox 1202 2211 1274 2250; x_wconf 80' lang='lat' dir='ltr'>Pe-</span> 
     </span>
     <span class='ocr_line' id='line_1_41' title="bbox 160 2264 1271 2321; baseline -0.002 -15"><span class='ocrx_word' id='word_1_267' title='bbox 160 2269 289 2321; x_wconf 81' lang='lat' dir='ltr'>lagius</span> <span class='ocrx_word' id='word_1_268' title='bbox 312 2298 323 2316; x_wconf 97' lang='lat'>,</span> <span class='ocrx_word' id='word_1_269' title='bbox 368 2265 630 2314; x_wconf 70' lang='lat' dir='ltr'>Caelestinus,</span> <span class='ocrx_word' id='word_1_270' title='bbox 660 2266 778 2304; x_wconf 68' lang='lat' dir='ltr'>aliter</span> <span class='ocrx_word' id='word_1_271' title='bbox 805 2274 1005 2318; x_wconf 70' lang='lat' dir='ltr'>postremo</span> <span class='ocrx_word' id='word_1_272' title='bbox 1033 2264 1271 2305; x_wconf 81' lang='lat' dir='ltr'>Nestorius.</span> 
     </span>
     <span class='ocr_line' id='line_1_42' title="bbox 159 2320 1271 2374; baseline -0.004 -13"><span class='ocrx_word' id='word_1_273' title='bbox 159 2324 288 2374; x_wconf 79' lang='lat' dir='ltr'>Atque</span> <span class='ocrx_word' id='word_1_274' title='bbox 315 2320 462 2359; x_wconf 75' lang='lat' dir='ltr'>idcirco</span> <span class='ocrx_word' id='word_1_275' title='bbox 491 2320 660 2358; x_wconf 82' lang='lat' dir='ltr'>multum</span> <span class='ocrx_word' id='word_1_276' title='bbox 698 2332 866 2358; x_wconf 85' lang='lat' dir='ltr'>necesse</span> <span class='ocrx_word' id='word_1_277' title='bbox 896 2329 954 2358; x_wconf 84' lang='lat' dir='ltr'>est</span> <span class='ocrx_word' id='word_1_278' title='bbox 990 2328 1150 2370; x_wconf 79' lang='lat' dir='ltr'>propter</span> <span class='ocrx_word' id='word_1_279' title='bbox 1178 2328 1271 2358; x_wconf 89' lang='lat' dir='ltr'>tan—</span> 
     </span>
     <span class='ocr_line' id='line_1_43' title="bbox 159 2372 1269 2426; baseline -0.003 -12"><span class='ocrx_word' id='word_1_280' title='bbox 159 2385 220 2414; x_wconf 83' lang='lat' dir='ltr'>tos</span> <span class='ocrx_word' id='word_1_281' title='bbox 247 2385 336 2413; x_wconf 85' lang='lat' dir='ltr'>tam</span> <span class='ocrx_word' id='word_1_282' title='bbox 364 2377 464 2414; x_wconf 72' lang='lat' dir='ltr'>varii</span> <span class='ocrx_word' id='word_1_283' title='bbox 492 2377 638 2413; x_wconf 77' lang='lat' dir='ltr'>errorz&#39;s</span> <span class='ocrx_word' id='word_1_284' title='bbox 666 2372 906 2425; x_wconf 68' lang='lat' dir='ltr'>anfrattus,</span> <span class='ocrx_word' id='word_1_285' title='bbox 936 2382 977 2411; x_wconf 76' lang='lat' dir='ltr'>ut</span> <span class='ocrx_word' id='word_1_286' title='bbox 1006 2372 1269 2426; x_wconf 68' lang='lat' dir='ltr'>propheticae,</span> 
     </span>
     <span class='ocr_line' id='line_1_44' title="bbox 159 2427 1273 2480; baseline -0.004 -12"><span class='ocrx_word' id='word_1_287' title='bbox 159 2433 209 2471; x_wconf 64' lang='grc' dir='ltr'><em>Φ</em></span> <span class='ocrx_word' id='word_1_288' title='bbox 252 2429 480 2480; x_wconf 76' lang='lat' dir='ltr'>apostolicae</span> <span class='ocrx_word' id='word_1_289' title='bbox 521 2430 862 2478; x_wconf 78' lang='lat' dir='ltr'>interpretationis</span> <span class='ocrx_word' id='word_1_290' title='bbox 904 2427 1012 2465; x_wconf 82' lang='lat' dir='ltr'>linea</span> <span class='ocrx_word' id='word_1_291' title='bbox 1054 2427 1273 2465; x_wconf 66' lang='lat' dir='ltr'>secundnm</span> 
     </span>
     <span class='ocr_line' id='line_1_45' title="bbox 161 2480 1271 2529; baseline -0.004 -8"><span class='ocrx_word' id='word_1_292' title='bbox 161 2484 449 2529; x_wconf 78' lang='lat' dir='ltr'>ecclesiastici,</span> <span class='ocrx_word' id='word_1_293' title='bbox 491 2481 540 2522; x_wconf 67' lang='lat'>(9</span> <span class='ocrx_word' id='word_1_294' title='bbox 568 2480 755 2519; x_wconf 73' lang='lat' dir='ltr'>catholici</span> <span class='ocrx_word' id='word_1_295' title='bbox 780 2493 922 2519; x_wconf 80' lang='lat' dir='ltr'>sensus</span> <span class='ocrx_word' id='word_1_296' title='bbox 957 2493 1150 2518; x_wconf 83' lang='lat' dir='ltr'>normam</span> <span class='ocrx_word' id='word_1_297' title='bbox 1179 2480 1271 2518; x_wconf 81' lang='lat' dir='ltr'>diri-</span> 
     </span>
     <span class='ocr_line' id='line_1_46' title="bbox 161 2533 1270 2588; baseline -0.004 -13"><span class='ocrx_word' id='word_1_298' title='bbox 161 2546 282 2588; x_wconf 75' lang='lat' dir='ltr'>gatur</span> <span class='ocrx_word' id='word_1_299' title='bbox 308 2537 380 2575; x_wconf 73' lang='grc' dir='ltr'><strong>διο.</strong></span> <span class='ocrx_word' id='word_1_300' title='bbox 409 2536 555 2587; x_wconf 81' lang='lat' dir='ltr'>Dignus</span> <span class='ocrx_word' id='word_1_301' title='bbox 582 2544 637 2574; x_wconf 84' lang='lat' dir='ltr'>est</span> <span class='ocrx_word' id='word_1_302' title='bbox 665 2533 771 2573; x_wconf 86' lang='lat' dir='ltr'>locus</span> <span class='ocrx_word' id='word_1_303' title='bbox 788 2564 799 2583; x_wconf 92' lang='lat'>,</span> <span class='ocrx_word' id='word_1_304' title='bbox 841 2534 909 2587; x_wconf 85' lang='lat' dir='ltr'>qui</span> <span class='ocrx_word' id='word_1_305' title='bbox 945 2536 1125 2587; x_wconf 85' lang='lat' dir='ltr'>quamvis</span> <span class='ocrx_word' id='word_1_306' title='bbox 1153 2533 1270 2586; x_wconf 88' lang='lat' dir='ltr'>proli-</span> 
     </span>
     <span class='ocr_line' id='line_1_47' title="bbox 164 2589 1182 2641; baseline -0.008 -12"><span class='ocrx_word' id='word_1_307' title='bbox 164 2604 261 2639; x_wconf 79' lang='lat' dir='ltr'>xus,</span> <span class='ocrx_word' id='word_1_308' title='bbox 290 2599 385 2628; x_wconf 82' lang='lat' dir='ltr'>totus</span> <span class='ocrx_word' id='word_1_309' title='bbox 413 2589 587 2641; x_wconf 83' lang='lat' dir='ltr'>legatur.</span> <span class='ocrx_word' id='word_1_310' title='bbox 1179 2614 1182 2617; x_wconf 96' lang='lat'>.</span> 
     </span>
    </p>

    <p class='ocr_par' dir='ltr' id='par_1_6' title="bbox 165 2640 1278 3017">
     <span class='ocr_line' id='line_1_48' title="bbox 223 2640 1273 2694; baseline -0.003 -12"><span class='ocrx_word' id='word_1_311' title='bbox 223 2643 286 2691; x_wconf 73' lang='grc'><strong>24.</strong></span> <span class='ocrx_word' id='word_1_312' title='bbox 316 2644 422 2682; x_wconf 85' lang='lat' dir='ltr'>Idem</span> <span class='ocrx_word' id='word_1_313' title='bbox 450 2651 559 2681; x_wconf 85' lang='lat' dir='ltr'>antea</span> <span class='ocrx_word' id='word_1_314' title='bbox 584 2643 788 2694; x_wconf 80' lang='lat' dir='ltr'>scripserat</span> <span class='ocrx_word' id='word_1_315' title='bbox 807 2640 999 2680; x_wconf 82' lang='lat' dir='ltr'>Eusebius</span> <span class='ocrx_word' id='word_1_316' title='bbox 1027 2642 1273 2680; x_wconf 76' lang='lat' dir='ltr'>Caesariensis</span> 
     </span>
     <span class='ocr_line' id='line_1_49' title="bbox 169 2694 1272 2748; baseline 0 -15"><span class='ocrx_word' id='word_1_317' title='bbox 169 2707 292 2736; x_wconf 78' lang='lat' dir='ltr'>contra</span> <span class='ocrx_word' id='word_1_318' title='bbox 320 2695 558 2735; x_wconf 79' lang='lat' dir='ltr'>Marcellum</span> <span class='ocrx_word' id='word_1_319' title='bbox 597 2697 843 2748; x_wconf 76' lang='lat' dir='ltr'>Ancyranum</span> <span class='ocrx_word' id='word_1_320' title='bbox 887 2709 973 2748; x_wconf 85' lang='lat' dir='ltr'>cap.</span> <span class='ocrx_word' id='word_1_321' title='bbox 1009 2709 1070 2741; x_wconf 89' lang='lat'>1.;</span> <span class='ocrx_word' id='word_1_322' title='bbox 1113 2694 1272 2747; x_wconf 86' lang='lat' dir='ltr'>loquens</span> 
     </span>
     <span class='ocr_line' id='line_1_50' title="bbox 167 2748 1273 2802; baseline 0 -16"><span class='ocrx_word' id='word_1_323' title='bbox 167 2753 267 2788; x_wconf 80' lang='lat' dir='ltr'>euim</span> <span class='ocrx_word' id='word_1_324' title='bbox 295 2751 341 2788; x_wconf 89' lang='lat' dir='ltr'>de</span> <span class='ocrx_word' id='word_1_325' title='bbox 370 2749 568 2789; x_wconf 80' lang='lat' dir='ltr'>catholicis</span> <span class='ocrx_word' id='word_1_326' title='bbox 594 2749 863 2802; x_wconf 81' lang='lat' dir='ltr'>dogmatibus3</span> <span class='ocrx_word' id='word_1_327' title='bbox 902 2748 987 2787; x_wconf 74' lang='lat' dir='ltr'>haec</span> <span class='ocrx_word' id='word_1_328' title='bbox 1004 2779 1014 2797; x_wconf 88' lang='lat'>,</span> <span class='ocrx_word' id='word_1_329' title='bbox 1045 2749 1273 2801; x_wconf 84' lang='lat' dir='ltr'>inquiebat,</span> 
     </span>
     <span class='ocr_line' id='line_1_51' title="bbox 165 2803 1274 2856; baseline 0 -16"><span class='ocrx_word' id='word_1_330' title='bbox 165 2803 535 2856; x_wconf 68' lang='lat' dir='ltr'>praeterquamquod</span> <span class='ocrx_word' id='word_1_331' title='bbox 554 2812 645 2841; x_wconf 73' lang='lat' dir='ltr'>sunt</span> <span class='ocrx_word' id='word_1_332' title='bbox 673 2803 812 2841; x_wconf 65' lang='lat' dir='ltr'>dirutis</span> <span class='ocrx_word' id='word_1_333' title='bbox 841 2803 980 2841; x_wconf 84' lang='lat' dir='ltr'>litteris</span> <span class='ocrx_word' id='word_1_334' title='bbox 999 2806 1244 2855; x_wconf 78' lang='lat' dir='ltr'>consignata</span> <span class='ocrx_word' id='word_1_335' title='bbox 1263 2832 1274 2851; x_wconf 93' lang='lat'>,</span> 
     </span>
     <span class='ocr_line' id='line_1_52' title="bbox 169 2855 1276 2910; baseline 0.001 -19"><span class='ocrx_word' id='word_1_336' title='bbox 169 2865 258 2892; x_wconf 79' lang='lat' dir='ltr'>sunt</span> <span class='ocrx_word' id='word_1_337' title='bbox 287 2861 410 2896; x_wconf 76' lang='lat' dir='ltr'>etiam</span> <span class='ocrx_word' id='word_1_338' title='bbox 439 2856 569 2896; x_wconf 74' lang='lat' dir='ltr'>adhuc</span> <span class='ocrx_word' id='word_1_339' title='bbox 611 2858 814 2910; x_wconf 82' lang='lat' dir='ltr'>majorem</span> <span class='ocrx_word' id='word_1_340' title='bbox 843 2860 884 2894; x_wconf 85' lang='lat' dir='ltr'>in</span> <span class='ocrx_word' id='word_1_341' title='bbox 925 2855 1091 2896; x_wconf 81' lang='lat' dir='ltr'>modum</span> <span class='ocrx_word' id='word_1_342' title='bbox 1129 2856 1276 2910; x_wconf 83' lang='lat' dir='ltr'>confir-</span> 
     </span>
     <span class='ocr_line' id='line_1_53' title="bbox 170 2909 1277 2959; baseline 0.004 -16"><span class='ocrx_word' id='word_1_343' title='bbox 170 2916 288 2944; x_wconf 84' lang='lat' dir='ltr'>mata</span> <span class='ocrx_word' id='word_1_344' title='bbox 324 2924 389 2959; x_wconf 84' lang='lat' dir='ltr'>per</span> <span class='ocrx_word' id='word_1_345' title='bbox 431 2910 691 2949; x_wconf 77' lang='lat' dir='ltr'>traditionem</span> <span class='ocrx_word' id='word_1_346' title='bbox 724 2910 941 2949; x_wconf 70' lang='lat' dir='ltr'>Catholicae</span> <span class='ocrx_word' id='word_1_347' title='bbox 969 2909 1277 2948; x_wconf 79' lang='lat' dir='ltr'>Ecclesioe&#39;Dei</span> 
     </span>
     <span class='ocr_line' id='line_1_54' title="bbox 168 2960 1278 3017; baseline 0.003 -19"><span class='ocrx_word' id='word_1_348' title='bbox 168 2974 200 2999; x_wconf 67' lang='grc' dir='ltr'>ιι,</span> <span class='ocrx_word' id='word_1_349' title='bbox 218 2960 369 3013; x_wconf 81' lang='lat' dir='ltr'>finibus</span> <span class='ocrx_word' id='word_1_350' title='bbox 397 2964 451 3001; x_wconf 82' lang='lat' dir='ltr'>ad</span> <span class='ocrx_word' id='word_1_351' title='bbox 479 2964 595 3017; x_wconf 83' lang='lat' dir='ltr'>fines</span> <span class='ocrx_word' id='word_1_352' title='bbox 623 2974 766 3015; x_wconf 83' lang='lat' dir='ltr'>terrae,</span> <span class='ocrx_word' id='word_1_353' title='bbox 810 2978 896 3017; x_wconf 80' lang='lat' dir='ltr'>quoe</span> <span class='ocrx_word' id='word_1_354' title='bbox 925 2977 978 3004; x_wconf 84' lang='lat' dir='ltr'>ex</span> <span class='ocrx_word' id='word_1_355' title='bbox 1015 2978 1098 3003; x_wconf 80' lang='lat' dir='ltr'>non</span> <span class='ocrx_word' id='word_1_356' title='bbox 1127 2968 1278 3016; x_wconf 81' lang='lat' dir='ltr'>scripta</span> 
     </span>
    </p>
   </div>
   <div class='ocr_carea' id='block_1_2' title="bbox 174 3145 1275 3377">
    <p class='ocr_par' dir='ltr' id='par_1_7' title="bbox 174 3145 1275 3235">
     <span class='ocr_line' id='line_1_55' title="bbox 222 3145 1275 3194; baseline 0.009 -17"><span class='ocrx_word' id='word_1_357' title='bbox 222 3150 271 3186; x_wconf 80' lang='lat' dir='ltr'>(a)</span> <span class='ocrx_word' id='word_1_358' title='bbox 297 3145 379 3180; x_wconf 76' lang='lat' dir='ltr'>Vid.</span> <span class='ocrx_word' id='word_1_359' title='bbox 406 3147 499 3179; x_wconf 82' lang='lat' dir='ltr'>Sam.</span> <span class='ocrx_word' id='word_1_360' title='bbox 524 3147 711 3194; x_wconf 74' lang='lat' dir='ltr'>Basnagius</span> <span class='ocrx_word' id='word_1_361' title='bbox 737 3153 830 3188; x_wconf 80' lang='lat' dir='ltr'>Diss.</span> <span class='ocrx_word' id='word_1_362' title='bbox 858 3155 920 3189; x_wconf 75' lang='lat' dir='ltr'>IX.</span> <span class='ocrx_word' id='word_1_363' title='bbox 947 3155 990 3188; x_wconf 83' lang='lat' dir='ltr'>de</span> <span class='ocrx_word' id='word_1_364' title='bbox 1017 3153 1152 3187; x_wconf 81' lang='lat' dir='ltr'>Tradit.</span> <span class='ocrx_word' id='word_1_365' title='bbox 1179 3165 1213 3186; x_wconf 85' lang='lat' dir='ltr'>n.</span> <span class='ocrx_word' id='word_1_366' title='bbox 1238 3154 1275 3190; x_wconf 82' lang='lat'>8.</span> 
     </span>
     <span class='ocr_line' id='line_1_56' title="bbox 174 3193 1198 3235; baseline 0.008 -10"><span class='ocrx_word' id='word_1_367' title='bbox 174 3194 204 3225; x_wconf 70' lang='grc' dir='ltr'>ὃ(</span> <span class='ocrx_word' id='word_1_368' title='bbox 231 3204 265 3234; x_wconf 79' lang='lat'>9.</span> <span class='ocrx_word' id='word_1_369' title='bbox 293 3193 394 3226; x_wconf 79' lang='lat' dir='ltr'>&#39;I&#39;om-</span> <span class='ocrx_word' id='word_1_370' title='bbox 424 3195 448 3226; x_wconf 86' lang='lat'>1.</span> <span class='ocrx_word' id='word_1_371' title='bbox 474 3196 659 3228; x_wconf 77' lang='lat' dir='ltr'>Annalium</span> <span class='ocrx_word' id='word_1_372' title='bbox 683 3198 831 3233; x_wconf 81' lang='lat' dir='ltr'>Politico</span> <span class='ocrx_word' id='word_1_373' title='bbox 857 3203 1198 3235; x_wconf 77' lang='lat' dir='ltr'>ecclesiasticorum.</span> 
     </span>
    </p>

    <p class='ocr_par' dir='ltr' id='par_1_8' title="bbox 223 3240 987 3289">
     <span class='ocr_line' id='line_1_57' title="bbox 223 3240 987 3289; baseline 0.012 -17"><span class='ocrx_word' id='word_1_374' title='bbox 223 3240 272 3279; x_wconf 72' lang='grc' dir='ltr'>(ὃ)</span> <span class='ocrx_word' id='word_1_375' title='bbox 295 3240 479 3272; x_wconf 72' lang='lat' dir='ltr'>Molinaeus</span> <span class='ocrx_word' id='word_1_376' title='bbox 507 3241 542 3272; x_wconf 89' lang='lat' dir='ltr'>in</span> <span class='ocrx_word' id='word_1_377' title='bbox 570 3241 704 3286; x_wconf 72' lang='lat' dir='ltr'>Clypeo</span> <span class='ocrx_word' id='word_1_378' title='bbox 720 3245 816 3286; x_wconf 82' lang='lat' dir='ltr'>fidei</span> <span class='ocrx_word' id='word_1_379' title='bbox 842 3249 926 3280; x_wconf 60' lang='lat' dir='ltr'>Seli}-</span> <span class='ocrx_word' id='word_1_380' title='bbox 953 3248 987 3289; x_wconf 76' lang='grc'><strong>4.</strong></span> 
     </span>
    </p>

    <p class='ocr_par' dir='ltr' id='par_1_9' title="bbox 224 3286 1272 3329">
     <span class='ocr_line' id='line_1_58' title="bbox 224 3286 1272 3329; baseline 0.01 -12"><span class='ocrx_word' id='word_1_381' title='bbox 224 3290 272 3323; x_wconf 86' lang='lat' dir='ltr'>(c)</span> <span class='ocrx_word' id='word_1_382' title='bbox 296 3286 487 3329; x_wconf 71' lang='lat' dir='ltr'>basnagius</span> <span class='ocrx_word' id='word_1_383' title='bbox 513 3287 606 3319; x_wconf 87' lang='lat' dir='ltr'>Diss.</span> <span class='ocrx_word' id='word_1_384' title='bbox 629 3288 689 3320; x_wconf 73' lang='lat' dir='ltr'>tx.</span> <span class='ocrx_word' id='word_1_385' title='bbox 714 3301 748 3321; x_wconf 88' lang='lat' dir='ltr'>n.</span> <span class='ocrx_word' id='word_1_386' title='bbox 772 3302 822 3322; x_wconf 80' lang='lat'>12.</span> <span class='ocrx_word' id='word_1_387' title='bbox 840 3293 942 3325; x_wconf 77' lang='grc' dir='ltr'><strong>Τοπι.</strong></span> <span class='ocrx_word' id='word_1_388' title='bbox 965 3297 988 3326; x_wconf 84' lang='lat'>1.</span> <span class='ocrx_word' id='word_1_389' title='bbox 1013 3293 1142 3328; x_wconf 78' lang='lat' dir='ltr'>Annal.</span> <span class='ocrx_word' id='word_1_390' title='bbox 1170 3293 1272 3326; x_wconf 80' lang='lat' dir='ltr'>Eccl.</span> 
     </span>
    </p>

    <p class='ocr_par' dir='ltr' id='par_1_10' title="bbox 222 3330 1272 3377">
     <span class='ocr_line' id='line_1_59' title="bbox 222 3330 1272 3377; baseline 0.009 -16"><span class='ocrx_word' id='word_1_391' title='bbox 222 3332 273 3370; x_wconf 72' lang='lat' dir='ltr'>(d)</span> <span class='ocrx_word' id='word_1_392' title='bbox 302 3333 352 3364; x_wconf 76' lang='lat' dir='ltr'>lta</span> <span class='ocrx_word' id='word_1_393' title='bbox 389 3330 480 3365; x_wconf 82' lang='lat' dir='ltr'>idern</span> <span class='ocrx_word' id='word_1_394' title='bbox 505 3333 694 3377; x_wconf 74' lang='lat' dir='ltr'>Basnagius</span> <span class='ocrx_word' id='word_1_395' title='bbox 719 3347 753 3367; x_wconf 81' lang='lat' dir='ltr'>n.</span> <span class='ocrx_word' id='word_1_396' title='bbox 785 3337 863 3376; x_wconf 54' lang='lat'>³3„</span> <span class='ocrx_word' id='word_1_397' title='bbox 905 3346 980 3370; x_wconf 70' lang='lat' dir='ltr'>tuin</span> <span class='ocrx_word' id='word_1_398' title='bbox 1014 3337 1083 3374; x_wconf 86' lang='lat' dir='ltr'>duo</span> <span class='ocrx_word' id='word_1_399' title='bbox 1117 3339 1272 3373; x_wconf 70' lang='lat' dir='ltr'>ministri</span> 
     </span>
    </p>
   </div>
   <div class='ocr_carea' id='block_1_3' title="bbox 816 109 1793 158">
    <p class='ocr_par' dir='ltr' id='par_1_11' title="bbox 816 109 1793 158">
     <span class='ocr_line' id='line_1_60' title="bbox 816 109 1793 158; baseline -0.004 -2"><span class='ocrx_word' id='word_1_400' title='bbox 816 114 964 158; x_wconf 83' lang='lat' dir='ltr'>PARS</span> <span class='ocrx_word' id='word_1_401' title='bbox 1002 115 1059 157; x_wconf 91' lang='lat' dir='ltr'>II.</span> <span class='ocrx_word' id='word_1_402' title='bbox 1092 109 1496 158; x_wconf 75' lang='lat' dir='ltr'>DISSERTATIO</span> <span class='ocrx_word' id='word_1_403' title='bbox 1531 111 1566 153; x_wconf 93' lang='grc' dir='ltr'><strong>Ι.</strong></span> <span class='ocrx_word' id='word_1_404' title='bbox 1600 111 1728 154; x_wconf 89' lang='lat' dir='ltr'>CAP.</span> <span class='ocrx_word' id='word_1_405' title='bbox 1757 112 1793 156; x_wconf 91' lang='lat' dir='ltr'>I.</span> 
     </span>
    </p>
   </div>
   <div class='ocr_carea' id='block_1_4' title="bbox 1334 188 2459 3050">
    <p class='ocr_par' dir='ltr' id='par_1_12' title="bbox 1336 188 2446 292">
     <span class='ocr_line' id='line_1_61' title="bbox 1338 188 2446 239; baseline 0.002 -15"><span class='ocrx_word' id='word_1_406' title='bbox 1338 188 1554 225; x_wconf 64' lang='lat' dir='ltr'>traditione</span> <span class='ocrx_word' id='word_1_407' title='bbox 1605 201 1820 225; x_wconf 75' lang='lat' dir='ltr'>sacr-arum</span> <span class='ocrx_word' id='word_1_408' title='bbox 1862 189 2160 239; x_wconf 75' lang='lat' dir='ltr'>Scripturaram</span> <span class='ocrx_word' id='word_1_409' title='bbox 2212 191 2446 226; x_wconf 81' lang='lat' dir='ltr'>testimonia</span> 
     </span>
     <span class='ocr_line' id='line_1_62' title="bbox 1336 239 1896 292; baseline 0 -15"><span class='ocrx_word' id='word_1_410' title='bbox 1336 240 1554 292; x_wconf 70' lang='lat' dir='ltr'>coufirmat</span> <span class='ocrx_word' id='word_1_411' title='bbox 1570 269 1581 288; x_wconf 78' lang='lat'>,</span> <span class='ocrx_word' id='word_1_412' title='bbox 1610 241 1660 279; x_wconf 55' lang='grc' dir='ltr'>Εἰ)</span> <span class='ocrx_word' id='word_1_413' title='bbox 1688 239 1871 291; x_wconf 76' lang='lat' dir='ltr'>obsignat</span> <span class='ocrx_word' id='word_1_414' title='bbox 1886 267 1896 279; x_wconf 93' lang='lat'>.</span> 
     </span>
    </p>

    <p class='ocr_par' dir='ltr' id='par_1_13' title="bbox 1334 292 2446 1093">
     <span class='ocr_line' id='line_1_63' title="bbox 1391 292 2441 334; baseline 0.003 -4"><span class='ocrx_word' id='word_1_415' title='bbox 1391 294 1454 331; x_wconf 78' lang='grc'><strong>25.</strong></span> <span class='ocrx_word' id='word_1_416' title='bbox 1485 292 1598 330; x_wconf 82' lang='lat' dir='ltr'>Plura</span> <span class='ocrx_word' id='word_1_417' title='bbox 1628 294 1666 331; x_wconf 86' lang='lat' dir='ltr'>in</span> <span class='ocrx_word' id='word_1_418' title='bbox 1697 292 1795 330; x_wconf 79' lang='lat' dir='ltr'>lianc</span> <span class='ocrx_word' id='word_1_419' title='bbox 1840 306 1920 330; x_wconf 86' lang='lat' dir='ltr'>rem</span> <span class='ocrx_word' id='word_1_420' title='bbox 1962 295 2146 333; x_wconf 77' lang='lat' dir='ltr'>adducere</span> <span class='ocrx_word' id='word_1_421' title='bbox 2191 310 2263 334; x_wconf 83' lang='lat' dir='ltr'>uon</span> <span class='ocrx_word' id='word_1_422' title='bbox 2293 305 2347 334; x_wconf 85' lang='lat' dir='ltr'>est</span> <span class='ocrx_word' id='word_1_423' title='bbox 2378 309 2441 333; x_wconf 86' lang='lat' dir='ltr'>ne-</span> 
     </span>
     <span class='ocr_line' id='line_1_64' title="bbox 1334 345 2443 401; baseline 0.003 -17"><span class='ocrx_word' id='word_1_424' title='bbox 1334 361 1462 393; x_wconf 82' lang='lat' dir='ltr'>cesse3</span> <span class='ocrx_word' id='word_1_425' title='bbox 1504 360 1594 384; x_wconf 87' lang='lat' dir='ltr'>nam</span> <span class='ocrx_word' id='word_1_426' title='bbox 1639 360 1713 399; x_wconf 78' lang='lat' dir='ltr'>per</span> <span class='ocrx_word' id='word_1_427' title='bbox 1735 360 1772 384; x_wconf 88' lang='lat' dir='ltr'>se</span> <span class='ocrx_word' id='word_1_428' title='bbox 1801 345 1906 384; x_wconf 83' lang='lat' dir='ltr'>clara</span> <span class='ocrx_word' id='word_1_429' title='bbox 1936 356 2015 393; x_wconf 83' lang='lat' dir='ltr'>est,</span> <span class='ocrx_word' id='word_1_430' title='bbox 2058 348 2092 384; x_wconf 70' lang='grc' dir='ltr'>ἃ</span> <span class='ocrx_word' id='word_1_431' title='bbox 2121 364 2230 388; x_wconf 87' lang='lat' dir='ltr'>nemo</span> <span class='ocrx_word' id='word_1_432' title='bbox 2273 351 2443 401; x_wconf 70' lang='lat' dir='ltr'>ignorat,</span> 
     </span>
     <span class='ocr_line' id='line_1_65' title="bbox 1336 399 2444 452; baseline 0.004 -15"><span class='ocrx_word' id='word_1_433' title='bbox 1336 400 1498 437; x_wconf 84' lang='lat' dir='ltr'>verbum</span> <span class='ocrx_word' id='word_1_434' title='bbox 1528 399 1600 437; x_wconf 91' lang='lat' dir='ltr'>Dei</span> <span class='ocrx_word' id='word_1_435' title='bbox 1632 402 1745 438; x_wconf 86' lang='lat' dir='ltr'>fuisse</span> <span class='ocrx_word' id='word_1_436' title='bbox 1775 399 1824 437; x_wconf 83' lang='lat' dir='ltr'>ab</span> <span class='ocrx_word' id='word_1_437' title='bbox 1848 400 2034 452; x_wconf 79' lang='lat' dir='ltr'>Apostolis</span> <span class='ocrx_word' id='word_1_438' title='bbox 2065 403 2339 452; x_wconf 81' lang='lat' dir='ltr'>praedicatum,</span> <span class='ocrx_word' id='word_1_439' title='bbox 2369 402 2444 441; x_wconf 86' lang='lat' dir='ltr'>Ec-</span> 
     </span>
     <span class='ocr_line' id='line_1_66' title="bbox 1335 452 2443 506; baseline 0.003 -16"><span class='ocrx_word' id='word_1_440' title='bbox 1335 453 1460 490; x_wconf 77' lang='lat' dir='ltr'>clesiis</span> <span class='ocrx_word' id='word_1_441' title='bbox 1498 452 1708 501; x_wconf 81' lang='lat' dir='ltr'>traditum,</span> <span class='ocrx_word' id='word_1_442' title='bbox 1751 453 1786 489; x_wconf 71' lang='lat'>8&lt;</span> <span class='ocrx_word' id='word_1_443' title='bbox 1816 454 1962 502; x_wconf 84' lang='lat' dir='ltr'>fusius,</span> <span class='ocrx_word' id='word_1_444' title='bbox 2005 467 2048 491; x_wconf 87' lang='lat' dir='ltr'>ac</span> <span class='ocrx_word' id='word_1_445' title='bbox 2080 456 2219 506; x_wconf 79' lang='lat' dir='ltr'>saepius</span> <span class='ocrx_word' id='word_1_446' title='bbox 2262 456 2443 494; x_wconf 82' lang='lat' dir='ltr'>fidelibus</span> 
     </span>
     <span class='ocr_line' id='line_1_67' title="bbox 1340 505 2443 559; baseline 0.003 -17"><span class='ocrx_word' id='word_1_447' title='bbox 1340 505 1575 558; x_wconf 81' lang='lat' dir='ltr'>explicatum</span> <span class='ocrx_word' id='word_1_448' title='bbox 1593 535 1604 553; x_wconf 83' lang='lat'>‚</span> <span class='ocrx_word' id='word_1_449' title='bbox 1635 508 1738 559; x_wconf 88' lang='lat' dir='ltr'>prius</span> <span class='ocrx_word' id='word_1_450' title='bbox 1768 521 1886 558; x_wconf 86' lang='lat' dir='ltr'>quam</span> <span class='ocrx_word' id='word_1_451' title='bbox 1917 509 2030 545; x_wconf 86' lang='lat' dir='ltr'>sacris</span> <span class='ocrx_word' id='word_1_452' title='bbox 2052 506 2184 544; x_wconf 87' lang='lat' dir='ltr'>litteris</span> <span class='ocrx_word' id='word_1_453' title='bbox 2205 509 2443 559; x_wconf 83' lang='lat' dir='ltr'>consignare-</span> 
     </span>
     <span class='ocr_line' id='line_1_68' title="bbox 1338 559 2445 613; baseline 0.004 -17"><span class='ocrx_word' id='word_1_454' title='bbox 1338 568 1424 604; x_wconf 82' lang='lat' dir='ltr'>tur3</span> <span class='ocrx_word' id='word_1_455' title='bbox 1454 572 1531 611; x_wconf 90' lang='lat' dir='ltr'>quo</span> <span class='ocrx_word' id='word_1_456' title='bbox 1560 559 1602 596; x_wconf 89' lang='lat' dir='ltr'>fit</span> <span class='ocrx_word' id='word_1_457' title='bbox 1631 561 1760 597; x_wconf 83' lang='lat' dir='ltr'>omnia</span> <span class='ocrx_word' id='word_1_458' title='bbox 1789 562 1943 598; x_wconf 84' lang='lat' dir='ltr'>omnino</span> <span class='ocrx_word' id='word_1_459' title='bbox 1971 559 2108 598; x_wconf 61' lang='lat' dir='ltr'>sanetae</span> <span class='ocrx_word' id='word_1_460' title='bbox 2138 568 2276 598; x_wconf 83' lang='lat' dir='ltr'>nostrae</span> <span class='ocrx_word' id='word_1_461' title='bbox 2294 561 2445 613; x_wconf 83' lang='lat' dir='ltr'>religio-</span> 
     </span>
     <span class='ocr_line' id='line_1_69' title="bbox 1337 612 2442 666; baseline 0.003 -17"><span class='ocrx_word' id='word_1_462' title='bbox 1337 614 1392 650; x_wconf 78' lang='lat' dir='ltr'>nis</span> <span class='ocrx_word' id='word_1_463' title='bbox 1421 613 1636 663; x_wconf 80' lang='lat' dir='ltr'>dogmata,¹</span> <span class='ocrx_word' id='word_1_464' title='bbox 1661 613 1860 651; x_wconf 79' lang='lat' dir='ltr'>traditione</span> <span class='ocrx_word' id='word_1_465' title='bbox 1889 615 2181 662; x_wconf 82' lang='lat' dir='ltr'>contineantur,</span> <span class='ocrx_word' id='word_1_466' title='bbox 2212 612 2442 666; x_wconf 84' lang='lat' dir='ltr'>nullumque</span> 
     </span>
     <span class='ocr_line' id='line_1_70' title="bbox 1338 665 2441 719; baseline 0.001 -16"><span class='ocrx_word' id='word_1_467' title='bbox 1338 667 1376 703; x_wconf 84' lang='lat' dir='ltr'>in</span> <span class='ocrx_word' id='word_1_468' title='bbox 1407 666 1523 703; x_wconf 85' lang='lat' dir='ltr'>verbo</span> <span class='ocrx_word' id='word_1_469' title='bbox 1554 665 1627 703; x_wconf 82' lang='lat' dir='ltr'>Dei</span> <span class='ocrx_word' id='word_1_470' title='bbox 1656 668 1797 719; x_wconf 83' lang='lat' dir='ltr'>scripto</span> <span class='ocrx_word' id='word_1_471' title='bbox 1827 668 1987 719; x_wconf 81' lang='lat' dir='ltr'>reperiri</span> <span class='ocrx_word' id='word_1_472' title='bbox 2018 669 2164 719; x_wconf 80' lang='lat' dir='ltr'>possit,</span> <span class='ocrx_word' id='word_1_473' title='bbox 2192 666 2296 719; x_wconf 82' lang='lat' dir='ltr'>quod</span> <span class='ocrx_word' id='word_1_474' title='bbox 2325 670 2441 705; x_wconf 74' lang='lat' dir='ltr'>etiam</span> 
     </span>
     <span class='ocr_line' id='line_1_71' title="bbox 1337 720 2444 772; baseline 0.001 -16"><span class='ocrx_word' id='word_1_475' title='bbox 1337 720 1536 757; x_wconf 73' lang='lat' dir='ltr'>traditione</span> <span class='ocrx_word' id='word_1_476' title='bbox 1577 732 1652 757; x_wconf 86' lang='lat' dir='ltr'>non</span> <span class='ocrx_word' id='word_1_477' title='bbox 1681 722 1728 758; x_wconf 85' lang='lat' dir='ltr'>sit</span> <span class='ocrx_word' id='word_1_478' title='bbox 1770 729 2053 772; x_wconf 77' lang='lat' dir='ltr'>propagatiun3</span> <span class='ocrx_word' id='word_1_479' title='bbox 2095 721 2248 758; x_wconf 82' lang='lat' dir='ltr'>traditio</span> <span class='ocrx_word' id='word_1_480' title='bbox 2288 734 2376 772; x_wconf 86' lang='lat' dir='ltr'>ergo</span> <span class='ocrx_word' id='word_1_481' title='bbox 2406 722 2444 757; x_wconf 88' lang='lat' dir='ltr'>in</span> 
     </span>
     <span class='ocr_line' id='line_1_72' title="bbox 1336 773 2443 828; baseline 0 -18"><span class='ocrx_word' id='word_1_482' title='bbox 1336 773 1550 811; x_wconf 83' lang='lat' dir='ltr'>subsidium</span> <span class='ocrx_word' id='word_1_483' title='bbox 1577 776 1713 811; x_wconf 84' lang='lat' dir='ltr'>&#39;vocata</span> <span class='ocrx_word' id='word_1_484' title='bbox 1741 777 1886 826; x_wconf 77' lang='lat' dir='ltr'>optima</span> <span class='ocrx_word' id='word_1_485' title='bbox 1914 775 1983 812; x_wconf 90' lang='lat' dir='ltr'>erit</span> <span class='ocrx_word' id='word_1_486' title='bbox 2005 774 2132 812; x_wconf 63' lang='lat' dir='ltr'>Sacrae</span> <span class='ocrx_word' id='word_1_487' title='bbox 2152 774 2361 828; x_wconf 66' lang='lat' dir='ltr'>Scripturas</span> <span class='ocrx_word' id='word_1_488' title='bbox 2384 774 2443 811; x_wconf 90' lang='lat' dir='ltr'>in-</span> 
     </span>
     <span class='ocr_line' id='line_1_73' title="bbox 1335 825 2444 879; baseline 0 -15"><span class='ocrx_word' id='word_1_489' title='bbox 1335 834 1503 878; x_wconf 83' lang='lat' dir='ltr'>terpres.</span> <span class='ocrx_word' id='word_1_490' title='bbox 1549 825 1658 864; x_wconf 78' lang='lat' dir='ltr'>Unde</span> <span class='ocrx_word' id='word_1_491' title='bbox 1689 828 1770 879; x_wconf 78' lang='lat' dir='ltr'>ipsa</span> <span class='ocrx_word' id='word_1_492' title='bbox 1797 829 2042 879; x_wconf 64' lang='lat' dir='ltr'>t=,²iq›erit.’nti.·³,&gt;</span> <span class='ocrx_word' id='word_1_493' title='bbox 2064 835 2235 876; x_wconf 84' lang='lat' dir='ltr'>constat,</span> <span class='ocrx_word' id='word_1_494' title='bbox 2284 829 2323 866; x_wconf 86' lang='lat' dir='ltr'>iu</span> <span class='ocrx_word' id='word_1_495' title='bbox 2354 840 2444 865; x_wconf 87' lang='lat' dir='ltr'>con-</span> 
     </span>
     <span class='ocr_line' id='line_1_74' title="bbox 1336 879 2444 932; baseline 0.001 -15"><span class='ocrx_word' id='word_1_496' title='bbox 1336 882 1527 917; x_wconf 79' lang='lat' dir='ltr'>troversiis</span> <span class='ocrx_word' id='word_1_497' title='bbox 1556 880 1600 917; x_wconf 87' lang='lat' dir='ltr'>de</span> <span class='ocrx_word' id='word_1_498' title='bbox 1631 880 1872 932; x_wconf 80' lang='lat' dir='ltr'>dogmatibus</span> <span class='ocrx_word' id='word_1_499' title='bbox 1901 880 1992 918; x_wconf 84' lang='lat' dir='ltr'>fidei</span> <span class='ocrx_word' id='word_1_500' title='bbox 2010 910 2020 928; x_wconf 85' lang='lat'>,</span> <span class='ocrx_word' id='word_1_501' title='bbox 2051 879 2252 918; x_wconf 84' lang='lat' dir='ltr'>&amp;morum</span> <span class='ocrx_word' id='word_1_502' title='bbox 2282 881 2368 932; x_wconf 87' lang='lat' dir='ltr'>plus</span> <span class='ocrx_word' id='word_1_503' title='bbox 2388 894 2444 918; x_wconf 84' lang='lat' dir='ltr'>es-</span> 
     </span>
     <span class='ocr_line' id='line_1_75' title="bbox 1337 933 2445 987; baseline 0.001 -16"><span class='ocrx_word' id='word_1_504' title='bbox 1337 948 1373 971; x_wconf 83' lang='lat' dir='ltr'>se</span> <span class='ocrx_word' id='word_1_505' title='bbox 1403 935 1547 971; x_wconf 86' lang='lat' dir='ltr'>virium</span> <span class='ocrx_word' id='word_1_506' title='bbox 1591 934 1631 971; x_wconf 90' lang='lat' dir='ltr'>in</span> <span class='ocrx_word' id='word_1_507' title='bbox 1673 935 1938 972; x_wconf 86' lang='lat' dir='ltr'>traditionibus</span> <span class='ocrx_word' id='word_1_508' title='bbox 1980 948 2098 987; x_wconf 88' lang='lat' dir='ltr'>quam</span> <span class='ocrx_word' id='word_1_509' title='bbox 2135 935 2176 971; x_wconf 86' lang='lat' dir='ltr'>in</span> <span class='ocrx_word' id='word_1_510' title='bbox 2205 933 2445 985; x_wconf 79' lang='lat' dir='ltr'>Scripturi3‚</span> 
     </span>
     <span class='ocr_line' id='line_1_76' title="bbox 1340 986 2446 1039; baseline -0.001 -16"><span class='ocrx_word' id='word_1_511' title='bbox 1340 996 1465 1039; x_wconf 84' lang='lat' dir='ltr'>utpote</span> <span class='ocrx_word' id='word_1_512' title='bbox 1507 989 1601 1038; x_wconf 78' lang='lat' dir='ltr'>quia</span> <span class='ocrx_word' id='word_1_513' title='bbox 1644 988 1890 1026; x_wconf 84' lang='lat' dir='ltr'>traditionum</span> <span class='ocrx_word' id='word_1_514' title='bbox 1919 1001 1992 1039; x_wconf 88' lang='lat' dir='ltr'>ope</span> <span class='ocrx_word' id='word_1_515' title='bbox 2033 986 2188 1025; x_wconf 81' lang='lat' dir='ltr'>facilius</span> <span class='ocrx_word' id='word_1_516' title='bbox 2217 1000 2381 1035; x_wconf 83' lang='lat' dir='ltr'>verum,</span> <span class='ocrx_word' id='word_1_517' title='bbox 2412 986 2446 1022; x_wconf 81' lang='lat'>8:</span> 
     </span>
     <span class='ocr_line' id='line_1_77' title="bbox 1336 1040 2350 1093; baseline 0 -16"><span class='ocrx_word' id='word_1_518' title='bbox 1336 1040 1554 1092; x_wconf 59' lang='lat' dir='ltr'>legitimum</span> <span class='ocrx_word' id='word_1_519' title='bbox 1583 1040 1874 1092; x_wconf 80' lang='lat' dir='ltr'>Scripturarum</span> <span class='ocrx_word' id='word_1_520' title='bbox 1905 1055 2052 1079; x_wconf 83' lang='lat' dir='ltr'>sensum</span> <span class='ocrx_word' id='word_1_521' title='bbox 2083 1041 2350 1093; x_wconf 76' lang='lat' dir='ltr'>assequimur.</span> 
     </span>
    </p>

    <p class='ocr_par' dir='ltr' id='par_1_14' title="bbox 1336 1093 2456 2090">
     <span class='ocr_line' id='line_1_78' title="bbox 1395 1093 2448 1148; baseline 0.001 -17"><span class='ocrx_word' id='word_1_522' title='bbox 1395 1094 1458 1131; x_wconf 81' lang='grc'><strong>26.</strong></span> <span class='ocrx_word' id='word_1_523' title='bbox 1489 1093 1640 1131; x_wconf 83' lang='lat' dir='ltr'>Probat.</span> <span class='ocrx_word' id='word_1_524' title='bbox 1661 1095 1833 1148; x_wconf 74' lang='lat' dir='ltr'>,denique</span> <span class='ocrx_word' id='word_1_525' title='bbox 1863 1097 1973 1133; x_wconf 78' lang='lat' dir='ltr'>tertia</span> <span class='ocrx_word' id='word_1_526' title='bbox 2003 1108 2117 1146; x_wconf 86' lang='lat' dir='ltr'>pars,</span> <span class='ocrx_word' id='word_1_527' title='bbox 2147 1093 2290 1132; x_wconf 76' lang='lat' dir='ltr'>scilicet</span> <span class='ocrx_word' id='word_1_528' title='bbox 2321 1107 2448 1132; x_wconf 85' lang='lat' dir='ltr'>ueces-</span> 
     </span>
     <span class='ocr_line' id='line_1_79' title="bbox 1336 1147 2450 1201; baseline 0.001 -17"><span class='ocrx_word' id='word_1_529' title='bbox 1336 1149 1452 1184; x_wconf 81' lang='lat' dir='ltr'>sarias</span> <span class='ocrx_word' id='word_1_530' title='bbox 1481 1161 1558 1183; x_wconf 81' lang='lat' dir='ltr'>esse</span> <span class='ocrx_word' id='word_1_531' title='bbox 1600 1147 1778 1196; x_wconf 76' lang='lat' dir='ltr'>divinas,</span> <span class='ocrx_word' id='word_1_532' title='bbox 1821 1157 1933 1201; x_wconf 76' lang='lat' dir='ltr'>atque</span> <span class='ocrx_word' id='word_1_533' title='bbox 1960 1148 2187 1201; x_wconf 82' lang='lat' dir='ltr'>apostolicas</span> <span class='ocrx_word' id='word_1_534' title='bbox 2229 1148 2450 1186; x_wconf 75' lang='lat' dir='ltr'>traditiones</span> 
     </span>
     <span class='ocr_line' id='line_1_80' title="bbox 1338 1198 2450 1253; baseline 0.001 -17"><span class='ocrx_word' id='word_1_535' title='bbox 1338 1209 1493 1251; x_wconf 83' lang='lat' dir='ltr'>propter</span> <span class='ocrx_word' id='word_1_536' title='bbox 1524 1198 1656 1251; x_wconf 81' lang='lat' dir='ltr'>aliqua</span> <span class='ocrx_word' id='word_1_537' title='bbox 1684 1200 1877 1252; x_wconf 82' lang='lat' dir='ltr'>religionis</span> <span class='ocrx_word' id='word_1_538' title='bbox 1917 1202 2119 1253; x_wconf 76' lang='lat' dir='ltr'>dogmata,</span> <span class='ocrx_word' id='word_1_539' title='bbox 2163 1213 2330 1253; x_wconf 85' lang='lat' dir='ltr'>quorum</span> <span class='ocrx_word' id='word_1_540' title='bbox 2360 1200 2450 1239; x_wconf 91' lang='lat' dir='ltr'>nul-</span> 
     </span>
     <span class='ocr_line' id='line_1_81' title="bbox 1339 1251 2449 1306; baseline 0.002 -17"><span class='ocrx_word' id='word_1_541' title='bbox 1339 1253 1377 1289; x_wconf 73' lang='lat' dir='ltr'>la</span> <span class='ocrx_word' id='word_1_542' title='bbox 1395 1283 1404 1299; x_wconf 88' lang='lat'>,</span> <span class='ocrx_word' id='word_1_543' title='bbox 1449 1251 1509 1289; x_wconf 86' lang='lat' dir='ltr'>vel</span> <span class='ocrx_word' id='word_1_544' title='bbox 1539 1251 1672 1289; x_wconf 79' lang='lat' dir='ltr'>saltem</span> <span class='ocrx_word' id='word_1_545' title='bbox 1700 1266 1777 1291; x_wconf 86' lang='lat' dir='ltr'>non</span> <span class='ocrx_word' id='word_1_546' title='bbox 1820 1268 1996 1306; x_wconf 77' lang='lat' dir='ltr'>expressa</span> <span class='ocrx_word' id='word_1_547' title='bbox 2037 1255 2228 1293; x_wconf 83' lang='lat' dir='ltr'>invenitur</span> <span class='ocrx_word' id='word_1_548' title='bbox 2257 1256 2299 1292; x_wconf 86' lang='lat' dir='ltr'>in</span> <span class='ocrx_word' id='word_1_549' title='bbox 2329 1255 2449 1292; x_wconf 78' lang='lat' dir='ltr'>sacris</span> 
     </span>
     <span class='ocr_line' id='line_1_82' title="bbox 1337 1306 2452 1358; baseline 0.003 -18"><span class='ocrx_word' id='word_1_550' title='bbox 1337 1306 1489 1357; x_wconf 73' lang='lat' dir='ltr'>paginis</span> <span class='ocrx_word' id='word_1_551' title='bbox 1519 1306 1663 1342; x_wconf 86' lang='lat' dir='ltr'>mentio</span> <span class='ocrx_word' id='word_1_552' title='bbox 1680 1331 1689 1342; x_wconf 89' lang='lat'>.</span> <span class='ocrx_word' id='word_1_553' title='bbox 1719 1307 1909 1344; x_wconf 71' lang='lat' dir='ltr'>Cerce.vel</span> <span class='ocrx_word' id='word_1_554' title='bbox 1941 1308 2017 1358; x_wconf 88' lang='lat' dir='ltr'>ipsi</span> <span class='ocrx_word' id='word_1_555' title='bbox 2036 1306 2257 1345; x_wconf 77' lang='lat' dir='ltr'>Calvinistae</span> <span class='ocrx_word' id='word_1_556' title='bbox 2276 1337 2288 1354; x_wconf 95' lang='lat'>,</span> <span class='ocrx_word' id='word_1_557' title='bbox 2317 1307 2350 1343; x_wconf 75' lang='lat'>8&lt;</span> <span class='ocrx_word' id='word_1_558' title='bbox 2373 1308 2452 1345; x_wconf 90' lang='lat' dir='ltr'>Lu-</span> 
     </span>
     <span class='ocr_line' id='line_1_83' title="bbox 1337 1359 2450 1410; baseline 0.002 -16"><span class='ocrx_word' id='word_1_559' title='bbox 1337 1359 1484 1396; x_wconf 75' lang='lat' dir='ltr'>tlierani</span> <span class='ocrx_word' id='word_1_560' title='bbox 1527 1359 1678 1396; x_wconf 85' lang='lat' dir='ltr'>eosdem</span> <span class='ocrx_word' id='word_1_561' title='bbox 1712 1360 1886 1410; x_wconf 42' lang='lat' dir='ltr'>jererac</span> <span class='ocrx_word' id='word_1_562' title='bbox 1915 1372 1982 1397; x_wconf 88' lang='lat' dir='ltr'>nos</span> <span class='ocrx_word' id='word_1_563' title='bbox 2023 1361 2111 1397; x_wconf 86' lang='lat' dir='ltr'>novi</span> <span class='ocrx_word' id='word_1_564' title='bbox 2141 1359 2370 1397; x_wconf 80' lang='lat' dir='ltr'>Testamenti</span> <span class='ocrx_word' id='word_1_565' title='bbox 2401 1359 2450 1396; x_wconf 91' lang='lat' dir='ltr'>li-</span> 
     </span>
     <span class='ocr_line' id='line_1_84' title="bbox 1336 1411 2448 1463; baseline 0 -15"><span class='ocrx_word' id='word_1_566' title='bbox 1336 1411 1450 1460; x_wconf 82' lang='lat' dir='ltr'>bros,</span> <span class='ocrx_word' id='word_1_567' title='bbox 1483 1421 1522 1449; x_wconf 90' lang='lat' dir='ltr'>ut</span> <span class='ocrx_word' id='word_1_568' title='bbox 1552 1417 1798 1461; x_wconf 79' lang='lat' dir='ltr'>canonicos,</span> <span class='ocrx_word' id='word_1_569' title='bbox 1828 1412 1862 1448; x_wconf 84' lang='lat'>&amp;</span> <span class='ocrx_word' id='word_1_570' title='bbox 1891 1412 2074 1451; x_wconf 87' lang='lat' dir='ltr'>divinitus</span> <span class='ocrx_word' id='word_1_571' title='bbox 2103 1412 2302 1463; x_wconf 76' lang='lat' dir='ltr'>inspiratos</span> <span class='ocrx_word' id='word_1_572' title='bbox 2331 1424 2448 1463; x_wconf 85' lang='lat' dir='ltr'>agno-</span> 
     </span>
     <span class='ocr_line' id='line_1_85' title="bbox 1336 1465 2451 1518; baseline 0.001 -17"><span class='ocrx_word' id='word_1_573' title='bbox 1336 1474 1472 1513; x_wconf 80' lang='lat' dir='ltr'>scunt,</span> <span class='ocrx_word' id='word_1_574' title='bbox 1502 1465 1536 1501; x_wconf 72' lang='lat'>8:</span> <span class='ocrx_word' id='word_1_575' title='bbox 1568 1475 1795 1506; x_wconf 85' lang='lat' dir='ltr'>venerantur</span> <span class='ocrx_word' id='word_1_576' title='bbox 1816 1492 1827 1504; x_wconf 91' lang='lat'>.</span> <span class='ocrx_word' id='word_1_577' title='bbox 1857 1466 1972 1515; x_wconf 85' lang='lat' dir='ltr'>Quod</span> <span class='ocrx_word' id='word_1_578' title='bbox 2000 1465 2158 1518; x_wconf 87' lang='lat' dir='ltr'>quidem</span> <span class='ocrx_word' id='word_1_579' title='bbox 2187 1465 2324 1516; x_wconf 81' lang='lat' dir='ltr'>dogma</span> <span class='ocrx_word' id='word_1_580' title='bbox 2354 1465 2451 1503; x_wconf 84' lang='lat' dir='ltr'>alio-</span> 
     </span>
     <span class='ocr_line' id='line_1_86' title="bbox 1337 1518 2452 1558; baseline 0.001 -3"><span class='ocrx_word' id='word_1_581' title='bbox 1337 1532 1423 1556; x_wconf 85' lang='lat' dir='ltr'>rum</span> <span class='ocrx_word' id='word_1_582' title='bbox 1469 1519 1761 1558; x_wconf 81' lang='lat' dir='ltr'>fundamentum</span> <span class='ocrx_word' id='word_1_583' title='bbox 1793 1529 1869 1558; x_wconf 86' lang='lat' dir='ltr'>est:</span> <span class='ocrx_word' id='word_1_584' title='bbox 1912 1521 2030 1558; x_wconf 81' lang='lat' dir='ltr'>sacris</span> <span class='ocrx_word' id='word_1_585' title='bbox 2059 1521 2161 1557; x_wconf 81' lang='lat' dir='ltr'>enim</span> <span class='ocrx_word' id='word_1_586' title='bbox 2192 1518 2227 1554; x_wconf 72' lang='grc' dir='ltr'>δε</span> <span class='ocrx_word' id='word_1_587' title='bbox 2257 1520 2452 1557; x_wconf 87' lang='lat' dir='ltr'>canonicis</span> 
     </span>
     <span class='ocr_line' id='line_1_87' title="bbox 1336 1571 2454 1625; baseline 0 -16"><span class='ocrx_word' id='word_1_588' title='bbox 1336 1571 1448 1610; x_wconf 89' lang='lat' dir='ltr'>libris</span> <span class='ocrx_word' id='word_1_589' title='bbox 1477 1572 1638 1612; x_wconf 85' lang='lat' dir='ltr'>sublatis</span> <span class='ocrx_word' id='word_1_590' title='bbox 1667 1581 1823 1612; x_wconf 82' lang='lat' dir='ltr'>omnem</span> <span class='ocrx_word' id='word_1_591' title='bbox 1854 1574 1956 1624; x_wconf 83' lang='lat' dir='ltr'>apud</span> <span class='ocrx_word' id='word_1_592' title='bbox 1985 1574 2086 1625; x_wconf 90' lang='lat' dir='ltr'>ipsos</span> <span class='ocrx_word' id='word_1_593' title='bbox 2115 1571 2339 1625; x_wconf 83' lang='lat' dir='ltr'>religionem</span> <span class='ocrx_word' id='word_1_594' title='bbox 2369 1585 2454 1610; x_wconf 89' lang='lat' dir='ltr'>cor-</span> 
     </span>
     <span class='ocr_line' id='line_1_88' title="bbox 1336 1625 2451 1678; baseline 0.001 -16"><span class='ocrx_word' id='word_1_595' title='bbox 1336 1639 1447 1663; x_wconf 80' lang='lat' dir='ltr'>ruere</span> <span class='ocrx_word' id='word_1_596' title='bbox 1476 1640 1626 1665; x_wconf 80' lang='lat' dir='ltr'>necesse</span> <span class='ocrx_word' id='word_1_597' title='bbox 1656 1635 1736 1665; x_wconf 86' lang='lat' dir='ltr'>est.</span> <span class='ocrx_word' id='word_1_598' title='bbox 1768 1630 1816 1665; x_wconf 85' lang='lat' dir='ltr'>At</span> <span class='ocrx_word' id='word_1_599' title='bbox 1845 1641 1935 1666; x_wconf 81' lang='lat' dir='ltr'>vero</span> <span class='ocrx_word' id='word_1_600' title='bbox 1964 1636 2077 1665; x_wconf 78' lang='lat' dir='ltr'>totam</span> <span class='ocrx_word' id='word_1_601' title='bbox 2108 1639 2253 1664; x_wconf 77' lang='lat' dir='ltr'>sacram</span> <span class='ocrx_word' id='word_1_602' title='bbox 2276 1625 2451 1678; x_wconf 76' lang='lat' dir='ltr'>Scriptu-</span> 
     </span>
     <span class='ocr_line' id='line_1_89' title="bbox 1337 1679 2450 1732; baseline 0 -16"><span class='ocrx_word' id='word_1_603' title='bbox 1337 1693 1420 1716; x_wconf 77' lang='lat' dir='ltr'>ram</span> <span class='ocrx_word' id='word_1_604' title='bbox 1451 1695 1473 1717; x_wconf 89' lang='lat' dir='ltr'>a</span> <span class='ocrx_word' id='word_1_605' title='bbox 1501 1682 1627 1732; x_wconf 87' lang='lat' dir='ltr'>capite</span> <span class='ocrx_word' id='word_1_606' title='bbox 1655 1681 1702 1718; x_wconf 86' lang='lat' dir='ltr'>ad</span> <span class='ocrx_word' id='word_1_607' title='bbox 1746 1680 1892 1718; x_wconf 79' lang='lat' dir='ltr'>calcem</span> <span class='ocrx_word' id='word_1_608' title='bbox 1935 1679 2142 1727; x_wconf 75' lang='lat' dir='ltr'>evolvant,</span> <span class='ocrx_word' id='word_1_609' title='bbox 2191 1680 2380 1731; x_wconf 83' lang='lat' dir='ltr'>nobisque</span> <span class='ocrx_word' id='word_1_610' title='bbox 2410 1692 2450 1716; x_wconf 86' lang='lat' dir='ltr'>o-</span> 
     </span>
     <span class='ocr_line' id='line_1_90' title="bbox 1339 1729 2452 1781; baseline 0.001 -12"><span class='ocrx_word' id='word_1_611' title='bbox 1339 1733 1537 1781; x_wconf 84' lang='lat' dir='ltr'>stendant,</span> <span class='ocrx_word' id='word_1_612' title='bbox 1567 1733 1728 1776; x_wconf 76' lang='lat' dir='ltr'>ubinam</span> <span class='ocrx_word' id='word_1_613' title='bbox 1744 1735 1963 1772; x_wconf 83' lang='lat' dir='ltr'>divinorum</span> <span class='ocrx_word' id='word_1_614' title='bbox 1993 1734 2152 1770; x_wconf 83' lang='lat' dir='ltr'>istorum</span> <span class='ocrx_word' id='word_1_615' title='bbox 2181 1733 2358 1770; x_wconf 85' lang='lat' dir='ltr'>codicum</span> <span class='ocrx_word' id='word_1_616' title='bbox 2379 1729 2452 1770; x_wconf 84' lang='lat' dir='ltr'>Ca·</span> 
     </span>
     <span class='ocr_line' id='line_1_91' title="bbox 1340 1785 2454 1840; baseline -0.001 -17"><span class='ocrx_word' id='word_1_617' title='bbox 1340 1800 1412 1824; x_wconf 85' lang='lat' dir='ltr'>non</span> <span class='ocrx_word' id='word_1_618' title='bbox 1443 1787 1688 1835; x_wconf 87' lang='lat' dir='ltr'>inveniatur,</span> <span class='ocrx_word' id='word_1_619' title='bbox 1733 1797 1772 1824; x_wconf 89' lang='lat' dir='ltr'>ut</span> <span class='ocrx_word' id='word_1_620' title='bbox 1800 1796 1999 1840; x_wconf 86' lang='lat' dir='ltr'>propterea</span> <span class='ocrx_word' id='word_1_621' title='bbox 2027 1785 2204 1824; x_wconf 84' lang='lat' dir='ltr'>concludi</span> <span class='ocrx_word' id='word_1_622' title='bbox 2243 1788 2385 1837; x_wconf 82' lang='lat' dir='ltr'>possit,</span> <span class='ocrx_word' id='word_1_623' title='bbox 2415 1801 2454 1822; x_wconf 89' lang='lat' dir='ltr'>e-</span> 
     </span>
     <span class='ocr_line' id='line_1_92' title="bbox 1339 1839 2451 1892; baseline -0.001 -16"><span class='ocrx_word' id='word_1_624' title='bbox 1339 1841 1431 1877; x_wconf 81' lang='lat' dir='ltr'>tiam</span> <span class='ocrx_word' id='word_1_625' title='bbox 1453 1839 1658 1892; x_wconf 87' lang='lat' dir='ltr'>capitalem</span> <span class='ocrx_word' id='word_1_626' title='bbox 1690 1839 1791 1878; x_wconf 81' lang='lat' dir='ltr'>liunc</span> <span class='ocrx_word' id='word_1_627' title='bbox 1822 1841 1913 1878; x_wconf 88' lang='lat' dir='ltr'>fidei</span> <span class='ocrx_word' id='word_1_628' title='bbox 1943 1839 2150 1878; x_wconf 87' lang='lat' dir='ltr'>articulum</span> <span class='ocrx_word' id='word_1_629' title='bbox 2182 1853 2262 1876; x_wconf 83' lang='lat' dir='ltr'>una·</span> <span class='ocrx_word' id='word_1_630' title='bbox 2279 1853 2368 1876; x_wconf 89' lang='lat' dir='ltr'>cum</span> <span class='ocrx_word' id='word_1_631' title='bbox 2391 1853 2451 1875; x_wconf 86' lang='lat' dir='ltr'>ce-</span> 
     </span>
     <span class='ocr_line' id='line_1_93' title="bbox 1339 1891 2456 1945; baseline -0.001 -15"><span class='ocrx_word' id='word_1_632' title='bbox 1339 1895 1428 1930; x_wconf 85' lang='lat' dir='ltr'>teris</span> <span class='ocrx_word' id='word_1_633' title='bbox 1457 1893 1640 1944; x_wconf 81' lang='lat' dir='ltr'>omnibus</span> <span class='ocrx_word' id='word_1_634' title='bbox 1666 1895 1854 1945; x_wconf 87' lang='lat' dir='ltr'>scriptum</span> <span class='ocrx_word' id='word_1_635' title='bbox 1884 1908 1988 1932; x_wconf 83' lang='lat' dir='ltr'>esse.</span> <span class='ocrx_word' id='word_1_636' title='bbox 2033 1893 2161 1940; x_wconf 75' lang='lat' dir='ltr'>Sane,</span> <span class='ocrx_word' id='word_1_637' title='bbox 2192 1902 2231 1929; x_wconf 91' lang='lat' dir='ltr'>ut</span> <span class='ocrx_word' id='word_1_638' title='bbox 2262 1891 2456 1929; x_wconf 85' lang='lat' dir='ltr'>Eusebius</span> 
     </span>
     <span class='ocr_line' id='line_1_94' title="bbox 1337 1943 2456 1997; baseline -0.001 -14"><span class='ocrx_word' id='word_1_639' title='bbox 1337 1948 1485 1983; x_wconf 63' lang='lat' dir='ltr'>Caesarj</span> <span class='ocrx_word' id='word_1_640' title='bbox 1504 1947 1595 1985; x_wconf 85' lang='lat' dir='ltr'>Lib.</span> <span class='ocrx_word' id='word_1_641' title='bbox 1611 1946 1682 1986; x_wconf 89' lang='lat' dir='ltr'>VI.</span> <span class='ocrx_word' id='word_1_642' title='bbox 1700 1947 1853 1987; x_wconf 73' lang='lat' dir='ltr'>Hister.</span> <span class='ocrx_word' id='word_1_643' title='bbox 1875 1946 2035 1985; x_wconf 84' lang='lat' dir='ltr'>Eccles.</span> <span class='ocrx_word' id='word_1_644' title='bbox 2055 1947 2152 1997; x_wconf 84' lang='lat' dir='ltr'>Cap.</span> <span class='ocrx_word' id='word_1_645' title='bbox 2178 1946 2241 1983; x_wconf 79' lang='lat'>25.</span> <span class='ocrx_word' id='word_1_646' title='bbox 2263 1976 2273 1994; x_wconf 95' lang='lat'>,</span> <span class='ocrx_word' id='word_1_647' title='bbox 2303 1945 2338 1981; x_wconf 75' lang='lat'>8&lt;</span> <span class='ocrx_word' id='word_1_648' title='bbox 2359 1943 2456 1983; x_wconf 80' lang='lat' dir='ltr'>alibi</span> 
     </span>
     <span class='ocr_line' id='line_1_95' title="bbox 1337 1999 2456 2051; baseline 0.002 -17"><span class='ocrx_word' id='word_1_649' title='bbox 1337 1999 1512 2036; x_wconf 84' lang='lat' dir='ltr'>observat</span> <span class='ocrx_word' id='word_1_650' title='bbox 1530 2029 1541 2047; x_wconf 90' lang='lat'>,</span> <span class='ocrx_word' id='word_1_651' title='bbox 1570 2002 1721 2037; x_wconf 74' lang='lat' dir='ltr'>nonnisi</span> <span class='ocrx_word' id='word_1_652' title='bbox 1741 2001 2017 2038; x_wconf 65' lang='lat' dir='ltr'>eir-traditione</span> <span class='ocrx_word' id='word_1_653' title='bbox 2037 1999 2302 2036; x_wconf 82' lang='lat' dir='ltr'>Ecclesiarum</span> <span class='ocrx_word' id='word_1_654' title='bbox 2331 1999 2456 2051; x_wconf 82' lang='lat' dir='ltr'>potuit</span> 
     </span>
     <span class='ocr_line' id='line_1_96' title="bbox 1339 2051 2173 2090; baseline -0.002 0"><span class='ocrx_word' id='word_1_655' title='bbox 1339 2064 1537 2090; x_wconf 85' lang='lat' dir='ltr'>sacrorum</span> <span class='ocrx_word' id='word_1_656' title='bbox 1566 2051 1757 2090; x_wconf 88' lang='lat' dir='ltr'>librorum</span> <span class='ocrx_word' id='word_1_657' title='bbox 1786 2053 1919 2090; x_wconf 85' lang='lat' dir='ltr'>Canon</span> <span class='ocrx_word' id='word_1_658' title='bbox 1948 2052 2173 2090; x_wconf 85' lang='lat' dir='ltr'>efformari.</span> 
     </span>
    </p>

    <p class='ocr_par' dir='ltr' id='par_1_15' title="bbox 1338 2104 2459 2691">
     <span class='ocr_line' id='line_1_97' title="bbox 1399 2104 2453 2158; baseline -0.001 -15"><span class='ocrx_word' id='word_1_659' title='bbox 1399 2118 1463 2156; x_wconf 85' lang='grc'><strong>27.</strong></span> <span class='ocrx_word' id='word_1_660' title='bbox 1494 2104 1647 2143; x_wconf 83' lang='lat' dir='ltr'>Mirum</span> <span class='ocrx_word' id='word_1_661' title='bbox 1679 2115 1764 2155; x_wconf 82' lang='lat' dir='ltr'>est,</span> <span class='ocrx_word' id='word_1_662' title='bbox 1808 2115 1996 2158; x_wconf 86' lang='lat' dir='ltr'>quantum</span> <span class='ocrx_word' id='word_1_663' title='bbox 2038 2114 2289 2158; x_wconf 85' lang='lat' dir='ltr'>torqueantur</span> <span class='ocrx_word' id='word_1_664' title='bbox 2316 2105 2453 2143; x_wconf 81' lang='lat' dir='ltr'>adver-</span> 
     </span>
     <span class='ocr_line' id='line_1_98' title="bbox 1339 2158 2455 2210; baseline -0.001 -14"><span class='ocrx_word' id='word_1_665' title='bbox 1339 2159 1462 2206; x_wconf 82' lang='lat' dir='ltr'>sarii,</span> <span class='ocrx_word' id='word_1_666' title='bbox 1505 2167 1545 2195; x_wconf 87' lang='lat' dir='ltr'>ut</span> <span class='ocrx_word' id='word_1_667' title='bbox 1574 2159 1624 2196; x_wconf 87' lang='lat' dir='ltr'>ab</span> <span class='ocrx_word' id='word_1_668' title='bbox 1654 2158 1725 2197; x_wconf 87' lang='lat' dir='ltr'>hoc</span> <span class='ocrx_word' id='word_1_669' title='bbox 1754 2159 1994 2198; x_wconf 75' lang='lat' dir='ltr'>validissimo</span> <span class='ocrx_word' id='word_1_670' title='bbox 2024 2167 2247 2210; x_wconf 79' lang='lat' dir='ltr'>argumento</span> <span class='ocrx_word' id='word_1_671' title='bbox 2275 2172 2313 2195; x_wconf 89' lang='lat' dir='ltr'>se</span> <span class='ocrx_word' id='word_1_672' title='bbox 2342 2172 2455 2210; x_wconf 82' lang='lat' dir='ltr'>expe-</span> 
     </span>
     <span class='ocr_line' id='line_1_99' title="bbox 1341 2210 2455 2265; baseline 0.002 -17"><span class='ocrx_word' id='word_1_673' title='bbox 1341 2211 1446 2248; x_wconf 86' lang='lat' dir='ltr'>diant</span> <span class='ocrx_word' id='word_1_674' title='bbox 1466 2236 1476 2249; x_wconf 91' lang='lat'>.</span> <span class='ocrx_word' id='word_1_675' title='bbox 1507 2210 1637 2248; x_wconf 89' lang='lat' dir='ltr'>Primo</span> <span class='ocrx_word' id='word_1_676' title='bbox 1666 2225 1798 2250; x_wconf 87' lang='lat' dir='ltr'>eorum</span> <span class='ocrx_word' id='word_1_677' title='bbox 1819 2211 1944 2265; x_wconf 87' lang='lat' dir='ltr'>aliqui</span> <span class='ocrx_word' id='word_1_678' title='bbox 1973 2213 2131 2261; x_wconf 90' lang='lat' dir='ltr'>dicunt,</span> <span class='ocrx_word' id='word_1_679' title='bbox 2163 2211 2353 2250; x_wconf 85' lang='lat' dir='ltr'>librorum</span> <span class='ocrx_word' id='word_1_680' title='bbox 2377 2211 2455 2250; x_wconf 83' lang='lat' dir='ltr'>Ca-</span> 
     </span>
     <span class='ocr_line' id='line_1_100' title="bbox 1341 2265 2457 2304; baseline 0.001 -3"><span class='ocrx_word' id='word_1_681' title='bbox 1341 2268 1605 2302; x_wconf 83' lang='lat' dir='ltr'>nonicitatem</span> <span class='ocrx_word' id='word_1_682' title='bbox 1635 2278 1712 2302; x_wconf 84' lang='lat' dir='ltr'>non</span> <span class='ocrx_word' id='word_1_683' title='bbox 1742 2279 1820 2304; x_wconf 86' lang='lat' dir='ltr'>esse</span> <span class='ocrx_word' id='word_1_684' title='bbox 1849 2268 1888 2303; x_wconf 88' lang='lat' dir='ltr'>in</span> <span class='ocrx_word' id='word_1_685' title='bbox 1917 2266 2009 2304; x_wconf 87' lang='lat' dir='ltr'>fidei</span> <span class='ocrx_word' id='word_1_686' title='bbox 2039 2265 2210 2303; x_wconf 84' lang='lat' dir='ltr'>articulis</span> <span class='ocrx_word' id='word_1_687' title='bbox 2247 2279 2457 2303; x_wconf 86' lang='lat' dir='ltr'>numeran-</span> 
     </span>
     <span class='ocr_line' id='line_1_101' title="bbox 1339 2316 2452 2370; baseline 0.002 -15"><span class='ocrx_word' id='word_1_688' title='bbox 1339 2318 1428 2356; x_wconf 86' lang='lat' dir='ltr'>dam</span> <span class='ocrx_word' id='word_1_689' title='bbox 1447 2316 1503 2370; x_wconf 73' lang='grc' dir='ltr'>(ὂ)</span> <span class='ocrx_word' id='word_1_690' title='bbox 1516 2345 1526 2358; x_wconf 90' lang='grc'><strong>.</strong></span> <span class='ocrx_word' id='word_1_691' title='bbox 1546 2318 1765 2358; x_wconf 87' lang='lat' dir='ltr'>Secundum</span> <span class='ocrx_word' id='word_1_692' title='bbox 1781 2320 1999 2358; x_wconf 86' lang='lat' dir='ltr'>divinorum</span> <span class='ocrx_word' id='word_1_693' title='bbox 2017 2318 2209 2357; x_wconf 85' lang='lat' dir='ltr'>librorum</span> <span class='ocrx_word' id='word_1_694' title='bbox 2238 2316 2452 2361; x_wconf 70' lang='grc' dir='ltr'>αὖθέντιόεν</span> 
     </span>
     <span class='ocr_line' id='line_1_102' title="bbox 1340 2371 2455 2426; baseline 0.002 -18"><span class='ocrx_word' id='word_1_695' title='bbox 1340 2384 1415 2408; x_wconf 87' lang='lat' dir='ltr'>non</span> <span class='ocrx_word' id='word_1_696' title='bbox 1445 2385 1522 2410; x_wconf 87' lang='lat' dir='ltr'>esse</span> <span class='ocrx_word' id='word_1_697' title='bbox 1551 2372 1815 2424; x_wconf 78' lang='lat' dir='ltr'>probandam,</span> <span class='ocrx_word' id='word_1_698' title='bbox 1844 2375 1937 2426; x_wconf 87' lang='lat' dir='ltr'>quia</span> <span class='ocrx_word' id='word_1_699' title='bbox 1967 2372 2038 2411; x_wconf 83' lang='lat' dir='ltr'>hoc</span> <span class='ocrx_word' id='word_1_700' title='bbox 2067 2381 2119 2409; x_wconf 88' lang='lat' dir='ltr'>est</span> <span class='ocrx_word' id='word_1_701' title='bbox 2137 2371 2358 2425; x_wconf 31' lang='lat' dir='ltr'>,Religionis</span> <span class='ocrx_word' id='word_1_702' title='bbox 2386 2386 2455 2410; x_wconf 87' lang='lat' dir='ltr'>no-</span> 
     </span>
     <span class='ocr_line' id='line_1_103' title="bbox 1341 2425 2459 2478; baseline 0.001 -16"><span class='ocrx_word' id='word_1_703' title='bbox 1341 2434 1427 2462; x_wconf 82' lang='lat' dir='ltr'>strae</span> <span class='ocrx_word' id='word_1_704' title='bbox 1456 2426 1724 2478; x_wconf 78' lang='lat' dir='ltr'>principium3</span> <span class='ocrx_word' id='word_1_705' title='bbox 1767 2425 1881 2465; x_wconf 74' lang='lat' dir='ltr'>nulla</span> <span class='ocrx_word' id='word_1_706' title='bbox 1909 2435 2038 2465; x_wconf 86' lang='lat' dir='ltr'>autem</span> <span class='ocrx_word' id='word_1_707' title='bbox 2067 2426 2226 2463; x_wconf 78' lang='lat' dir='ltr'>seientia</span> <span class='ocrx_word' id='word_1_708' title='bbox 2256 2439 2322 2463; x_wconf 85' lang='lat' dir='ltr'>sua</span> <span class='ocrx_word' id='word_1_709' title='bbox 2352 2427 2459 2477; x_wconf 82' lang='lat' dir='ltr'>prin-</span> 
     </span>
     <span class='ocr_line' id='line_1_104' title="bbox 1338 2478 2458 2531; baseline 0 -15"><span class='ocrx_word' id='word_1_710' title='bbox 1338 2480 1445 2530; x_wconf 88' lang='lat' dir='ltr'>cipia</span> <span class='ocrx_word' id='word_1_711' title='bbox 1487 2478 1624 2531; x_wconf 88' lang='lat' dir='ltr'>probat</span> <span class='ocrx_word' id='word_1_712' title='bbox 1654 2480 1742 2529; x_wconf 84' lang='lat' dir='ltr'>(c).</span> <span class='ocrx_word' id='word_1_713' title='bbox 1790 2480 1923 2519; x_wconf 86' lang='lat' dir='ltr'>Tertio</span> <span class='ocrx_word' id='word_1_714' title='bbox 1966 2480 2184 2531; x_wconf 82' lang='lat' dir='ltr'>Scripturas</span> <span class='ocrx_word' id='word_1_715' title='bbox 2227 2479 2363 2517; x_wconf 81' lang='lat' dir='ltr'>Sacras</span> <span class='ocrx_word' id='word_1_716' title='bbox 2410 2491 2458 2517; x_wconf 82' lang='lat' dir='ltr'>ex</span> 
     </span>
     <span class='ocr_line' id='line_1_105' title="bbox 1339 2531 2456 2586; baseline -0.001 -17"><span class='ocrx_word' id='word_1_717' title='bbox 1339 2531 1591 2584; x_wconf 80' lang='lat' dir='ltr'>qualitatibus</span> <span class='ocrx_word' id='word_1_718' title='bbox 1620 2533 1852 2585; x_wconf 84' lang='lat' dir='ltr'>quibusdam</span> <span class='ocrx_word' id='word_1_719' title='bbox 1871 2564 1881 2582; x_wconf 91' lang='lat'>,</span> <span class='ocrx_word' id='word_1_720' title='bbox 1924 2547 2014 2586; x_wconf 87' lang='lat' dir='ltr'>quae</span> <span class='ocrx_word' id='word_1_721' title='bbox 2044 2534 2148 2585; x_wconf 84' lang='lat' dir='ltr'>ipsis·</span> <span class='ocrx_word' id='word_1_722' title='bbox 2165 2531 2307 2571; x_wconf 79' lang='lat' dir='ltr'>natales</span> <span class='ocrx_word' id='word_1_723' title='bbox 2335 2540 2423 2568; x_wconf 88' lang='lat' dir='ltr'>sunt</span> <span class='ocrx_word' id='word_1_724' title='bbox 2444 2562 2456 2580; x_wconf 91' lang='lat'>,</span> 
     </span>
     <span class='ocr_line' id='line_1_106' title="bbox 1340 2585 2457 2639; baseline -0.003 -16"><span class='ocrx_word' id='word_1_725' title='bbox 1340 2587 1429 2623; x_wconf 82' lang='lat' dir='ltr'>satis</span> <span class='ocrx_word' id='word_1_726' title='bbox 1457 2586 1625 2637; x_wconf 80' lang='lat' dir='ltr'>dig-nosci</span> <span class='ocrx_word' id='word_1_727' title='bbox 1648 2616 1658 2634; x_wconf 89' lang='lat'>,</span> <span class='ocrx_word' id='word_1_728' title='bbox 1688 2588 1783 2639; x_wconf 90' lang='lat' dir='ltr'>quin</span> <span class='ocrx_word' id='word_1_729' title='bbox 1813 2588 1861 2625; x_wconf 87' lang='lat' dir='ltr'>ad</span> <span class='ocrx_word' id='word_1_730' title='bbox 1889 2588 2132 2635; x_wconf 84' lang='lat' dir='ltr'>traditionem</span> <span class='ocrx_word' id='word_1_731' title='bbox 2161 2586 2368 2635; x_wconf 78' lang='lat' dir='ltr'>confugere</span> <span class='ocrx_word' id='word_1_732' title='bbox 2396 2585 2457 2627; x_wconf 80' lang='lat' dir='ltr'>in-</span> 
     </span>
     <span class='ocr_line' id='line_1_107' title="bbox 1339 2639 1656 2691; baseline 0 -14"><span class='ocrx_word' id='word_1_733' title='bbox 1339 2639 1536 2691; x_wconf 83' lang='lat' dir='ltr'>digeamus</span> <span class='ocrx_word' id='word_1_734' title='bbox 1567 2639 1627 2691; x_wconf 77' lang='lat' dir='ltr'>(d)</span> <span class='ocrx_word' id='word_1_735' title='bbox 1645 2666 1656 2677; x_wconf 92' lang='lat'>.</span> 
     </span>
    </p>

    <p class='ocr_par' dir='ltr' id='par_1_16' title="bbox 1341 2686 2459 3015">
     <span class='ocr_line' id='line_1_108' title="bbox 1397 2686 2456 2745; baseline -0.004 -14"><span class='ocrx_word' id='word_1_736' title='bbox 1397 2692 1462 2731; x_wconf 85' lang='grc'><strong>28.</strong></span> <span class='ocrx_word' id='word_1_737' title='bbox 1493 2692 1639 2731; x_wconf 86' lang='lat' dir='ltr'>Verum</span> <span class='ocrx_word' id='word_1_738' title='bbox 1655 2692 1878 2744; x_wconf 79' lang='lat' dir='ltr'>hujusmodi</span> <span class='ocrx_word' id='word_1_739' title='bbox 1900 2686 2208 2745; x_wconf 85' lang='lat' dir='ltr'>responsionibus</span> <span class='ocrx_word' id='word_1_740' title='bbox 2228 2703 2354 2728; x_wconf 83' lang='lat' dir='ltr'>causae</span> <span class='ocrx_word' id='word_1_741' title='bbox 2374 2700 2456 2728; x_wconf 63' lang='lat' dir='ltr'>suae</span> 
     </span>
     <span class='ocr_line' id='line_1_109' title="bbox 1342 2742 2457 2798; baseline -0.002 -14"><span class='ocrx_word' id='word_1_742' title='bbox 1342 2742 1608 2785; x_wconf 79' lang='lat' dir='ltr'>infirmitatem</span> <span class='ocrx_word' id='word_1_743' title='bbox 1629 2746 1849 2784; x_wconf 70' lang='lat' dir='ltr'>Adversarii</span> <span class='ocrx_word' id='word_1_744' title='bbox 1870 2746 2037 2798; x_wconf 87' lang='lat' dir='ltr'>produnt</span> <span class='ocrx_word' id='word_1_745' title='bbox 2055 2772 2065 2783; x_wconf 82' lang='lat'>.</span> <span class='ocrx_word' id='word_1_746' title='bbox 2086 2743 2216 2783; x_wconf 86' lang='lat' dir='ltr'>Primo</span> <span class='ocrx_word' id='word_1_747' title='bbox 2236 2746 2339 2782; x_wconf 87' lang='lat' dir='ltr'>enim</span> <span class='ocrx_word' id='word_1_748' title='bbox 2362 2744 2457 2796; x_wconf 87' lang='lat' dir='ltr'>quid</span> 
     </span>
     <span class='ocr_line' id='line_1_110' title="bbox 1341 2800 2455 2851; baseline -0.003 -13"><span class='ocrx_word' id='word_1_749' title='bbox 1341 2800 1546 2839; x_wconf 80' lang='lat' dir='ltr'>absurdius</span> <span class='ocrx_word' id='word_1_750' title='bbox 1586 2800 1665 2838; x_wconf 84' lang='lat' dir='ltr'>dici</span> <span class='ocrx_word' id='word_1_751' title='bbox 1694 2808 1838 2851; x_wconf 85' lang='lat' dir='ltr'>potest,</span> <span class='ocrx_word' id='word_1_752' title='bbox 1881 2813 2002 2851; x_wconf 82' lang='lat' dir='ltr'>qnam</span> <span class='ocrx_word' id='word_1_753' title='bbox 2028 2800 2226 2838; x_wconf 74' lang='lat' dir='ltr'>canonem</span> <span class='ocrx_word' id='word_1_754' title='bbox 2259 2811 2455 2835; x_wconf 86' lang='lat' dir='ltr'>sacrorum</span> 
     </span>
     <span class='ocr_line' id='line_1_111' title="bbox 1343 2852 2458 2905; baseline -0.004 -13"><span class='ocrx_word' id='word_1_755' title='bbox 1343 2853 1535 2892; x_wconf 87' lang='lat' dir='ltr'>librorum</span> <span class='ocrx_word' id='word_1_756' title='bbox 1564 2853 1613 2892; x_wconf 80' lang='lat' dir='ltr'>ad</span> <span class='ocrx_word' id='word_1_757' title='bbox 1640 2853 1757 2892; x_wconf 83' lang='lat' dir='ltr'>fidem</span> <span class='ocrx_word' id='word_1_758' title='bbox 1786 2866 1863 2890; x_wconf 89' lang='lat' dir='ltr'>non</span> <span class='ocrx_word' id='word_1_759' title='bbox 1893 2855 2109 2905; x_wconf 82' lang='lat' dir='ltr'>pertinere,</span> <span class='ocrx_word' id='word_1_760' title='bbox 2139 2866 2230 2891; x_wconf 84' lang='lat' dir='ltr'>cum</span> <span class='ocrx_word' id='word_1_761' title='bbox 2259 2852 2374 2904; x_wconf 87' lang='lat' dir='ltr'>plane</span> <span class='ocrx_word' id='word_1_762' title='bbox 2403 2861 2458 2889; x_wconf 85' lang='lat' dir='ltr'>to-</span> 
     </span>
     <span class='ocr_line' id='line_1_112' title="bbox 1344 2905 2459 2960; baseline -0.003 -14"><span class='ocrx_word' id='word_1_763' title='bbox 1344 2909 1418 2946; x_wconf 80' lang='lat' dir='ltr'>tius</span> <span class='ocrx_word' id='word_1_764' title='bbox 1462 2907 1554 2946; x_wconf 82' lang='lat' dir='ltr'>fidei</span> <span class='ocrx_word' id='word_1_765' title='bbox 1597 2907 1887 2944; x_wconf 85' lang='lat' dir='ltr'>fundamentum</span> <span class='ocrx_word' id='word_1_766' title='bbox 1908 2906 1998 2955; x_wconf 70' lang='lat' dir='ltr'>sit?</span> <span class='ocrx_word' id='word_1_767' title='bbox 2038 2908 2150 2960; x_wconf 85' lang='lat' dir='ltr'>quasi</span> <span class='ocrx_word' id='word_1_768' title='bbox 2193 2919 2284 2944; x_wconf 84' lang='lat' dir='ltr'>vero</span> <span class='ocrx_word' id='word_1_769' title='bbox 2324 2905 2459 2943; x_wconf 78' lang='lat' dir='ltr'>eadem</span> 
     </span>
     <span class='ocr_line' id='line_1_113' title="bbox 1344 2957 2458 3015; baseline -0.004 -15"><span class='ocrx_word' id='word_1_770' title='bbox 1344 2961 1669 3015; x_wconf 73' lang='lat' dir='ltr'>prorsusratione</span> <span class='ocrx_word' id='word_1_771' title='bbox 1695 2961 1801 3000; x_wconf 88' lang='lat' dir='ltr'>credi</span> <span class='ocrx_word' id='word_1_772' title='bbox 1829 2960 2024 3011; x_wconf 76' lang='lat' dir='ltr'>sufficiat,</span> <span class='ocrx_word' id='word_1_773' title='bbox 2053 2961 2120 3000; x_wconf 87' lang='lat' dir='ltr'>hos</span> <span class='ocrx_word' id='word_1_774' title='bbox 2149 2957 2271 2998; x_wconf 86' lang='lat' dir='ltr'>libros</span> <span class='ocrx_word' id='word_1_775' title='bbox 2300 2960 2458 2998; x_wconf 83' lang='lat' dir='ltr'>canoni-</span> 
     </span>
    </p>

    <p class='ocr_par' dir='ltr' id='par_1_17' title="bbox 2336 3025 2400 3050">
     <span class='ocr_line' id='line_1_114' title="bbox 2336 3025 2400 3050; baseline -0.031 0"><span class='ocrx_word' id='word_1_776' title='bbox 2336 3025 2400 3050; x_wconf 93' lang='lat' dir='ltr'>cos</span> 
     </span>
    </p>
   </div>
   <div class='ocr_carea' id='block_1_5' title="bbox 1342 3146 2454 3380">
    <p class='ocr_par' dir='ltr' id='par_1_18' title="bbox 1342 3146 2454 3380">
     <span class='ocr_line' id='line_1_115' title="bbox 1343 3146 2454 3191; baseline -0.005 -7"><span class='ocrx_word' id='word_1_777' title='bbox 1343 3148 1542 3185; x_wconf 78' lang='lat' dir='ltr'>Calviniani</span> <span class='ocrx_word' id='word_1_778' title='bbox 1567 3149 1621 3182; x_wconf 82' lang='lat' dir='ltr'>Jo.</span> <span class='ocrx_word' id='word_1_779' title='bbox 1648 3146 1815 3183; x_wconf 84' lang='lat' dir='ltr'>Claudius</span> <span class='ocrx_word' id='word_1_780' title='bbox 1831 3171 1842 3191; x_wconf 84' lang='lat'>,</span> <span class='ocrx_word' id='word_1_781' title='bbox 1869 3153 1898 3183; x_wconf 85' lang='lat'><strong>&amp;</strong></span> <span class='ocrx_word' id='word_1_782' title='bbox 1927 3149 2048 3183; x_wconf 86' lang='lat' dir='ltr'>Petrus</span> <span class='ocrx_word' id='word_1_783' title='bbox 2073 3148 2219 3188; x_wconf 80' lang='lat' dir='ltr'>Jurius,</span> <span class='ocrx_word' id='word_1_784' title='bbox 2246 3152 2349 3189; x_wconf 77' lang='lat' dir='ltr'>atque</span> <span class='ocrx_word' id='word_1_785' title='bbox 2374 3150 2454 3176; x_wconf 81' lang='lat' dir='ltr'>ante</span> 
     </span>
     <span class='ocr_line' id='line_1_116' title="bbox 1342 3188 2450 3240; baseline 0 -11"><span class='ocrx_word' id='word_1_786' title='bbox 1342 3198 1426 3231; x_wconf 83' lang='lat' dir='ltr'>istos</span> <span class='ocrx_word' id='word_1_787' title='bbox 1453 3197 1620 3230; x_wconf 71' lang='lat' dir='ltr'>Calvinus</span> <span class='ocrx_word' id='word_1_788' title='bbox 1654 3197 1725 3240; x_wconf 83' lang='lat' dir='ltr'>ipse</span> <span class='ocrx_word' id='word_1_789' title='bbox 1752 3198 1829 3231; x_wconf 61' lang='lat' dir='ltr'>Lib.</span> <span class='ocrx_word' id='word_1_790' title='bbox 1860 3199 1884 3230; x_wconf 83' lang='lat' dir='ltr'>l.</span> <span class='ocrx_word' id='word_1_791' title='bbox 1910 3195 2063 3230; x_wconf 80' lang='lat' dir='ltr'>Institat.</span> <span class='ocrx_word' id='word_1_792' title='bbox 2090 3207 2118 3227; x_wconf 88' lang='lat' dir='ltr'>c.</span> <span class='ocrx_word' id='word_1_793' title='bbox 2149 3206 2180 3237; x_wconf 87' lang='lat'>7.</span> <span class='ocrx_word' id='word_1_794' title='bbox 2213 3188 2450 3229; x_wconf 67' lang='lat' dir='ltr'>contendens,</span> 
     </span>
     <span class='ocr_line' id='line_1_117' title="bbox 1342 3242 2453 3288; baseline -0.008 -12"><span class='ocrx_word' id='word_1_795' title='bbox 1342 3245 1560 3288; x_wconf 81' lang='lat' dir='ltr'>Scripturam</span> <span class='ocrx_word' id='word_1_796' title='bbox 1579 3254 1646 3275; x_wconf 91' lang='lat' dir='ltr'>non</span> <span class='ocrx_word' id='word_1_797' title='bbox 1660 3243 1898 3278; x_wconf 76' lang='lat' dir='ltr'>obscuriorem</span> <span class='ocrx_word' id='word_1_798' title='bbox 1922 3242 2082 3276; x_wconf 78' lang='lat' dir='ltr'>veritatis</span> <span class='ocrx_word' id='word_1_799' title='bbox 2107 3252 2176 3272; x_wconf 83' lang='lat' dir='ltr'>suae</span> <span class='ocrx_word' id='word_1_800' title='bbox 2197 3249 2336 3273; x_wconf 78' lang='lat' dir='ltr'>sensum</span> <span class='ocrx_word' id='word_1_801' title='bbox 2363 3248 2453 3281; x_wconf 79' lang='lat' dir='ltr'>prae-</span> 
     </span>
     <span class='ocr_line' id='line_1_118' title="bbox 1343 3286 2452 3335; baseline 0.005 -13"><span class='ocrx_word' id='word_1_802' title='bbox 1343 3291 1433 3323; x_wconf 84' lang='lat' dir='ltr'>ferre</span> <span class='ocrx_word' id='word_1_803' title='bbox 1449 3312 1460 3330; x_wconf 88' lang='lat'>,</span> <span class='ocrx_word' id='word_1_804' title='bbox 1485 3301 1591 3335; x_wconf 65' lang='lat' dir='ltr'>quam</span> <span class='ocrx_word' id='word_1_805' title='bbox 1617 3290 1740 3322; x_wconf 69' lang='lat' dir='ltr'>coleris</span> <span class='ocrx_word' id='word_1_806' title='bbox 1766 3292 1820 3324; x_wconf 83' lang='lat' dir='ltr'>sui</span> <span class='ocrx_word' id='word_1_807' title='bbox 1845 3302 1900 3324; x_wconf 87' lang='lat' dir='ltr'>res</span> <span class='ocrx_word' id='word_1_808' title='bbox 1925 3290 2047 3328; x_wconf 46' lang='lat' dir='ltr'>albam</span> <span class='ocrx_word' id='word_1_809' title='bbox 2081 3286 2145 3319; x_wconf 54' lang='lat' dir='ltr'>vel*</span> <span class='ocrx_word' id='word_1_810' title='bbox 2163 3289 2305 3332; x_wconf 61' lang='lat' dir='ltr'>nigras,</span> <span class='ocrx_word' id='word_1_811' title='bbox 2342 3286 2373 3315; x_wconf 57' lang='grc' dir='ltr'><strong>ἃ</strong></span> <span class='ocrx_word' id='word_1_812' title='bbox 2398 3294 2452 3314; x_wconf 67' lang='lat'>⁵³²·</span> 
     </span>
     <span class='ocr_line' id='line_1_119' title="bbox 1342 3338 1845 3380; baseline 0 -9"><span class='ocrx_word' id='word_1_813' title='bbox 1342 3338 1435 3380; x_wconf 80' lang='lat' dir='ltr'>poris</span> <span class='ocrx_word' id='word_1_814' title='bbox 1461 3348 1605 3376; x_wconf 79' lang='lat' dir='ltr'>suaves,</span> <span class='ocrx_word' id='word_1_815' title='bbox 1631 3339 1662 3370; x_wconf 61' lang='grc' dir='ltr'>ἃ</span> <span class='ocrx_word' id='word_1_816' title='bbox 1687 3348 1845 3371; x_wconf 59' lang='lat' dir='ltr'>amaras.</span> 
     </span>
    </p>
   </div>
  </div>
 </body>
</html>
