2564 3706
720 92 873 143 nm.
892 92 1038 144 ‘NON
1070 94 1184 145 EST
1218 96 1442 143 sempr.
1473 82 1754 147 INTERPR.

78 180 139 220 >rit
166 193 189 219 a
210 178 294 220 Deo
322 177 478 226 fallere,
497 175 541 215 ’ἃ
561 176 655 218 'falli
672 179 801 217 nescio
818 180 944 218 >fuisse
963 179 1173 219 revelatum
1187 206 1198 218 .

82 234 162 272 Sed
191 234 350 286 quidam
381 232 420 270 id
449 233 612 270 minime
640 233 890 282 attendentes,
920 235 1072 273 nonnisi
1103 233 1200 272 illud

85 286 321 326 credendum
350 298 428 323 esse
448 295 679 336 statuerunt,
709 288 808 340 quod
826 287 992 326 infirmis
1009 318 1020 336 ,
1050 287 1084 323 st
1104 287 1198 325 cali-

79 339 268 393 gantibus
311 339 466 378 rationis
494 349 631 378 nostrae
672 340 957 379 oculis-verum
994 342 1198 394 perspicue

79 395 213 432 *visum
244 393 386 432 fuerit.
430 393 532 431 Hinc
562 395 746 432 rationem
777 396 932 433 unicam
959 408 1038 432 esse
1057 394 1199 434 ·volunt

84 445 217 488 Sacrae
246 445 461 499 Scripturae
491 447 790 500 interpretandas
820 448 1024 500 regulam.

141 499 210 552 94.
242 499 358 538 Vetus
387 500 450 538 hic
479 513 584 538 error
614 500 923 539 Manichaeorum
952 502 1026 539 fuit
1044 531 1054 548 ,
1086 514 1203 553 quem

73 550 130 591 -S.
160 553 396 605 Augustinus
425 555 463 591 in
482 553 571 591 Lib.
601 553 650 592 de
679 556 850 593 utilitate
880 554 1067 592 credendi
1086 585 1097 603 ‚
1127 554 1205 592 'Po-

77 618 153 644 -mo
182 607 290 646 Vlll.
327 606 462 646 multis
491 610 723 658 argumentis
758 609 969 646 confutavit
1000 609 1088 659 (ιι).
1133 608 1206 645 Ite-

82 670 177 698 rum
208 670 335 700 tamen
356 661 578 699 suscitatum
597 663 774 700 novimus
789 677 811 701 a
839 661 1070 713 quibusdam
1086 660 1206 699 Scho-

81 711 261 763 lasticis,
289 715 357 767 qui
389 712 565 766 neglestis
594 715 815 767 purioribus
836 714 1060 766 Theologiae
1091 715 1206 752 fonti·

75 764 188 816 hus,
217 766 364 806 scilicet
390 767 603 820 Scripturae
632 768 764 807 Sacrae
781 799 792 817 ,
823 768 856 803 &
884 769 1094 806 traditionis
1122 780 1206 805 ora-

77 818 212 870 culis,
242 821 457 874 potissimas
485 831 609 873 partes
637 823 679 860 iu
708 821 945 860 stabiliendis
975 820 1086 859 Fidei
1115 821 1206 871 dog-

81 875 254 914 matibus
273 876 412 915 rationi
428 875 650 914 deferebant
665 889 676 920 3
705 875 752 914 de
766 875 910 926 quibus
930 873 1089 925 proinde
1105 874 1202 911 Gre-

82 928 213 978 gorius
229 926 300 967 lx.
329 928 458 980 ajebat
487 931 503 980 (
527 929 631 979 apud
646 927 736 966 Nat.
758 927 945 965 Alexand.
964 924 1070 964 Hist.
1087 924 1203 964 Eccl.

80 978 318 1021 Saec.X111.
347 995 435 1033 cap.
461 994 495 1019 1.
523 989 596 1018 art.
618 980 657 1019 5.
687 981 732 1028 );
762 977 1019 1030 Dumficlem
1048 990 1203 1016 conan-

81 1042 149 1072 tur
177 1036 264 1086 plus
291 1033 421 1073 debito
439 1036 598 1071 ratione
625 1031 836 1070 adstruere
865 1032 1073 1081 naturali,
1103 1044 1204 1068 non-

83 1099 139 1126 ne
167 1089 284 1127 illam
311 1087 483 1126 reddunt
510 1084 806 1137 quodammodo
835 1084 1016 1123 inutilem
1032 1084 1056 1122 ?
1103 1085 1206 1124 Inter

82 1140 180 1180 alios
209 1141 302 1180 huic
325 1139 488 1193 scopulo
514 1141 638 1190 magis
665 1139 785 1178 allisit
805 1138 935 1178 Petrus
951 1138 1204 1189 Abailardus,

82 1194 246 1232 docens:
291 1192 389 1230 nihil
403 1192 498 1245 fide
519 1192 612 1231 esse
640 1191 908 1242 credendum,
956 1192 1060 1244 quoti
1088 1197 1206 1232 virtu-

82 1254 170 1285 tem
201 1245 432 1286 intelleHus
460 1245 663 1286 eoeoedat.
711 1247 948 1299 Quanquam
978 1246 1207 1286 Scholastici

80 1302 268 1353 mysteria
296 1300 378 1353 jam
407 1299 575 1340 revelata
603 1313 681 1339 non
709 1301 755 1339 de
784 1300 912 1338 medio
939 1299 1094 1350 tollere,
1142 1301 1206 1339 sed

80 1354 353 1394 tautummodo
379 1353 549 1393 naturali
579 1355 722 1392 ratione
750 1354 915 1407 probare
943 1354 1188 1393 nitebantur.

137 1407 206 1460 95.
237 1407 285 1446 At
314 1419 406 1447 vero
433 1407 574 1459 majori
603 1408 787 1456 licentia,
828 1416 984 1458 nostra,
1027 1407 1204 1446 Patruin-

80 1474 162 1513 que
190 1471 408 1499 nostrorum
436 1461 626 1499 memoria
663 1476 686 1500 a
713 1460 959 1510 Socinimiis,
1007 1461 1171 1515 aliisque
1193 1491 1204 1510 ‚

86 1516 157 1566 qui
185 1515 317 1552 omnia
347 1528 369 1553 a
399 1513 600 1567 Religione
629 1516 811 1568 mysteria
856 1514 1061 1553 eliminare
1089 1529 1206 1553 cona-

87 1565 260 1618 bantur,
290 1567 493 1621 Scriptura
524 1568 660 1607 rationi
688 1566 862 1621 subjeRa
891 1569 992 1607 fuit.
1029 1568 1208 1606 Celebres

84 1631 177 1660 :unt
206 1621 332 1660 turbae
353 1623 548 1673 superiore
563 1620 707 1659 saeculo
737 1621 810 1660 hac
837 1622 884 1659 de
911 1635 1028 1660 causa
1058 1624 1097 1660 in
1115 1621 1209 1660 Hol—

82 1672 218 1715 tlaudia
245 1675 448 1722 excitant,
477 1673 678 1723 Dukerio,
706 1673 884 1725 Roessio,
914 1674 1068 1714 austere
1098 1674 1209 1714 Diss.

87 1727 353 1777 Paradoxae,
396 1726 562 1780 aliisque
591 1729 737 1780 primas
766 1729 930 1776 rationi,
975 1728 1010 1764 8(
1039 1728 1212 1767 Philoso-

84 1782 199 1837 phiae
243 1782 284 1820 in
326 1793 525 1820 sacrarum
562 1780 855 1834 Scripturarnm
901 1784 1213 1837 interpretatione

83 1836 235 1875 dandas
262 1849 342 1873 esse
369 1834 688 1873 contendentibus
717 1834 774 1887 (b)
793 1861 805 1874 .

142 1887 211 1941 96.
241 1888 372 1936 Quam
400 1889 447 1927 sit
476 1887 562 1927 haec
590 1889 724 1940 opinio
745 1889 933 1938 absurda,
964 1888 1075 1942 prob.
1103 1902 1136 1929 r.
1167 1902 1213 1928 ex

93 1943 213 1980 sacris
242 1941 406 1980 litteris.
455 1940 664 1993 Apostolus
691 1941 831 1980 Paulus
870 1944 918 1980 ad
946 1944 1050 1981 Hel).
1072 1942 1142 1982 XI.
1179 1956 1213 1981 1.

89 1993 169 2033 Est
196 2003 337 2032 autem
343 1992 457 2046 fides
473 2023 484 2041 ‚
515 1995 670 2045 inquit,
699 1994 998 2045 sperandarum
1028 1995 1213 2034 substan-

83 2052 149 2087 tia
177 2060 314 2086 rerum
330 2077 342 2096 ,
371 2055 660 2101 argumentum
686 2059 770 2085 non
798 2052 1085 2101 apparentium
1102 2063 1116 2088 .·
1154 2063 1212 2088 re-

84 2115 179 2141 tum
207 2113 377 2154 nempe,
416 2110 509 2154 quae
538 2099 650 2139 nullo
679 2102 837 2140 rationis
867 2112 1095 2154 argumento
1124 2116 1213 2156 pro*-

84 2155 178 2195 bari
207 2162 387 2208 possunt3
420 2169 501 2209 qua.
529 2153 591 2195 vel
620 2153 701 2193 sola
730 2154 821 2193 fidei
849 2156 1072 2194 definitione
1102 2155 1212 2194 lucu-

84 2207 214 2250 lenter
240 2216 427 2263 apparet,
455 2220 544 2256 eos,
574 2208 850 2260 quitationem
879 2209 919 2246 in
941 2209 1033 2247 fidei
1062 2217 1214 2247 contro-

88 2263 410 2315 versiisjudicem
438 2269 632 2308 statuunt,
663 2260 822 2313 perinde
843 2261 996 2310 facere,
1026 2276 1070 2300 ae
1099 2276 1212 2312 eum,

86 2319 162 2375 qui
190 2325 274 2356 orta
302 2315 349 2353 de
378 2313 574 2353 coloribus
602 2311 669 2351 lite
686 2343 698 2363 ,
726 2328 879 2354 caecum
907 2317 1147 2355 constitueret
1173 2330 1213 2355 e'-

91 2371 246 2424 jusdem
276 2368 466 2407 arbitrum
484 2392 496 2405 .

145 2436 215 2475 97.
244 2421 357 2460 Praet.
387 2421 491 2458 idem
522 2419 724 2474 Apostolus
754 2435 792 2462 2.
819 2423 909 2462 Cor.
930 2421 983 2462 X.
1014 2422 1053 2470 4.
1071 2454 1081 2473 ‚
1112 2422 1145 2462 8t
1176 2423 1213 2464 5.

90 2474 254 2522 Arma,
282 2475 434 2527 inquit,
464 2475 619 2513 militiae
633 2485 783 2514 nostroe
797 2490 879 2514 non
894 2478 1085 2516 carnalia
1100 2487 1213 2528 sunt,

92 2528 164 2569 sed
191 2531 369 2579 potentia
391 2526 480 2566 Deo
509 2527 564 2565 ad
594 2527 902 2569 destruHionem
922 2535 1215 2582 munitionum,

91 2582 267 2622 consilia
295 2580 544 2620 destruentes
561 2612 572 2631 ,
599 2583 652 2624 (9·
668 2595 832 2621 omnem
862 2584 1115 2623 altitudinem
1144 2599 1215 2624 ex-

99 2637 309 2675 tollentem
338 2649 382 2673 se
409 2635 602 2674 adversus
630 2640 845 2675 scientiam
875 2636 979 2687 Dei,
1006 2639 1058 2679 &
1087 2643 1127 2677 in
1146 2645 1215 2678 ca'·

99 2693 323 2743 ptivitatem
351 2687 576 2742 redigentes
595 2703 762 2730 omnem
790 2690 1031 2731 intelleffum
1046 2697 1088 2731 in
1107 2692 1216 2733 obse-

150 2827 199 2863 (α)
228 2822 284 2858 Jo.
310 2822 533 2870 Phereponns
548 2847 560 2867 ,
585 2824 658 2859 sive
676 2825 732 2859 Jo.
751 2826 910 2861 Clericus
926 2827 959 2861 S.
979 2828 1217 2873 Augustinum

100 2868 138 2904 in
164 2870 382 2904 contrarium
407 2882 563 2905 errorem
590 2870 754 2906 incidisse
780 2883 998 2908 commentus
1016 2884 1091 2916 est,
1115 2878 1215 2921 quasi

98 2928 241 2951 omnem
266 2917 299 2950 in
327 2918 507 2961 Religione
533 2920 681 2953 rationis
718 2932 821 2954 usum
853 2922 1117 2961 eliminaverit3
1157 2921 1216 2956 sed

99 2962 237 2998 Ludov.
262 2964 481 2998 Muratorius
504 2976 584 2998 eum
611 2968 832 3010 pro-meritis
850 2969 1060 3012 castigavit.
1088 2970 1217 3004 Confer

100 3021 182 3055 cap.
208 3009 253 3043 V.
281 3010 358 3043 Lib.
386 3012 413 3044 l.
441 3012 486 3044 de
512 3016 724 3056 ingeniorum
748 3017 984 3049 moderatione
1010 3021 1045 3049 in
1072 3019 1217 3056 religio-

103 3060 161 3090 m's
198 3060 363 3100 negotio.
407 3056 506 3090 Hanc
542 3059 654 3103 ipsam
691 3059 907 3095 calumniam
933 3063 1055 3097 Sancto
1078 3064 1214 3097 Dotion·

105 3102 254 3148 impegit
276 3104 352 3137 Jac.
378 3103 569 3148 Basnagius
595 3105 630 3138 in
649 3105 745 3139 Hist.
765 3107 864 3143 Επεὶ.
892 3109 1029 3152 reform.
1058 3110 1170 3143 ‘romo
1192 3112 1216 3143 l.

106 3147 145 3182 P.
167 3150 197 3182 ’1.
222 3161 254 3184 c.
281 3149 315 3193 4.
342 3159 408 3183 art.
438 3160 469 3184 2·
495 3149 561 3184 Sed
587 3152 621 3184 S.
648 3153 828 3189 Dooorem
853 3155 1046 3191 vindicavit
1071 3157 1217 3191 Bossue-

106 3203 164 3229 tus
188 3197 287 3229 dern.
311 3201 472 3231 auertiss.
499 3211 564 3231 unx
593 3196 793 3234 Protestans
819 3214 916 3235 num.
944 3215 1001 3247 72.

155 3242 205 3280 (b)
230 3243 277 3275 Ut
311 3244 400 3278 nihil
426 3243 541 3277 dicam
578 3244 619 3277 cle
654 3246 815 3281 absurdis
851 3249 1039 3293 paradoxis
1064 3250 1118 3283 Jo.
1144 3249 1220 3283 Jac-

109 3287 342 3330 Bousseavii,
366 3292 427 3335 qui
453 3303 532 3324 cum
560 3291 643 3326 alibi
670 3304 784 3338 saepe,
810 3303 884 3328 turn
904 3299 1078 3341 principue
1105 3297 1140 3330 in
1160 3308 1222 3331 suo

111 3333 229 3371 Emile
255 3335 369 3373 Tomo
391 3338 453 3374 ul.
478 3349 514 3386 p.
539 3349 585 3373 m.
614 3342 694 3386 439.
731 3341 904 3377 rationem
928 3344 965 3379 in
998 3344 1102 3380 rebus
1141 3342 1221 3378 fidei

2237 113 2319 165 167

1266 182 1402 232 quium
1419 177 1525 231 fidei
1542 193 1556 223 ;
1603 194 1647 219 ac
1679 181 1790 222 Rom.
1819 194 1906 235 cap.
1928 180 1999 222 XI.
2029 192 2110 237 post
2145 185 2383 241 explicatum

1266 246 1451 271 arcanum
1479 233 1612 285 gratiae
1630 263 1641 280 ,
1685 234 1719 270 8(
1749 237 2092 286 praedestinationis
2121 242 2348 294 mysterium
2371 273 2384 291 ,

1266 286 1320 324 ita
1348 286 1505 324 demum
1535 299 1572 324 v.
1596 286 1660 325 53.
1690 288 1909 325 concludit:
1960 290 1997 327 O
2025 293 2192 332 altitudo
2228 294 2385 334 ‹ltvtcia-

1264 352 1356 376 rum
1384 343 1622 391 sapientiae,
1651 340 1701 380 ὅ)
1729 345 1911 378 scientIae
1939 342 2048 380 Dei!
2076 359 2200 398 quam
2229 352 2382 386 incom-

1264 392 1544 445 prehensibilia
1572 402 1664 432 sunt
1678 393 1836 447 judicia
1866 395 1952 447 ejus
1970 425 1981 444 ‚
2011 398 2060 438 (9-
2089 401 2383 455 investigabiles

1271 450 1345 486 riae
1374 448 1492 500 ejus!

1326 500 1394 552 98.
1426 501 1525 539 Addi
1555 508 1710 552 possunt
1738 499 1772 537 ἃ
1808 499 1878 540 illa
1907 500 2026 540 verba
2054 503 2196 544 Christi
2226 507 2386 548 Domini

1273 553 1506 593 Matth.X1.
1545 555 1611 594 23.
1652 553 1877 608 Confitebor
1914 554 1980 593 tibi
2020 555 2168 607 Pater,
2211 558 2387 601 Domine

1273 607 1362 645 caeli
1379 637 1389 656 ,
1417 608 1467 650 <J
1496 617 1616 646 terrae
1633 637 1644 656 ‚
1674 613 1767 660 quia
1787 607 2030 648 abscondisti
2058 609 2144 649 lzoec
2172 625 2201 650 a
2229 618 2387 664 sapien-

1274 660 1373 699 tibus
1390 691 1401 710 ,
1429 662 1480 702 <9⁰
1507 661 1759 711 prudentibus
1777 693 1787 711 ,
1816 664 1867 704 (9·
1895 663 2080 703 revelasti
2108 678 2160 703 ea
2187 669 2388 717 parvulis:

1275 713 1308 749 sc
1346 728 1434 766 cap.
1456 714 1567 754 XVI.
1618 729 1676 767 ¹7·
1708 715 1859 755 Beatus
1900 730 1943 755 es
1984 717 2125 757 Simon
2154 719 2390 770 Bar-sona,

1273 770 1367 816 quia
1396 780 1519 817 caro,
1566 769 1616 810 (3)·
1659 774 1825 823 sanguis
1862 783 1943 809 non
1972 773 2156 811 revetavit
2185 773 2278 824 tibi,
2320 774 2392 814 sed

1274 817 1398 857 Pater
1427 834 1568 871 meus,
1597 827 1663 874 qui
1692 827 1732 861 in
1761 824 1872 863 caelis
1901 832 1987 865 est.
2030 826 2184 873 Quibus
2211 827 2393 868 omnibus

1273 873 1370 923 quid
1402 874 1641 926 insinuatur,
1681 879 1752 916 nisi
1781 876 1996 918 doctrinam
2024 879 2285 922 Christianam
2314 897 2394 922 esse

1270 938 1386 978 supra
1415 930 1624 977 rationem,
1662 938 1855 984 totamque
1885 948 1908 970 a
1937 933 2167 973 revelatione
2195 937 2392 988 pendere,

1271 986 1312 1015 ut
1342 981 1500 1030 proinde
1529 984 1684 1020 omnino
1712 984 1916 1035 aberrent,
1945 988 2014 1040 qui
2043 1001 2128 1027 eam
2157 991 2204 1028 ad
2234 991 2392 1030 rationis

1273 1033 1460 1070 amussim
1491 1036 1640 1084 exigere
1671 1036 1834 1075 volunt?

1327 1098 1395 1137 99.
1426 1085 1468 1123 ld
1497 1088 1624 1139 ipsum
1654 1091 1853 1127 communi
1875 1091 2027 1131 calculo
2046 1093 2279 1134 confirmant
2307 1110 2395 1135 san-

1274 1136 1325 1177 ἑὶὶ
1354 1138 1508 1185 Patres,
1539 1149 1579 1178 ut
1607 1140 1649 1179 S.
1678 1141 1843 1180 Basilius
1873 1143 2069 1195 Magnus,
2107 1150 2176 1198 qui
2207 1149 2322 1188 Hom.
2352 1153 2394 1188 in

1268 1191 1416 1231 Psalm.
1437 1192 1562 1233 CXV.
1591 1193 1709 1233 fidem
1738 1195 1874 1235 definit
1910 1211 2125 1237 assensum
2153 1201 2265 1238 nulla
2293 1215 2396 1252 prae-

1274 1249 1338 1284 via
1367 1250 1621 1298 inquisitione
1642 1253 1836 1287 nitentem
1852 1266 1868 1295 ,-
1898 1250 1932 1287 ἃ
1960 1252 2006 1291 L.
2024 1252 2072 1291 ΙΙ.
2102 1253 2192 1293 adv.
2214 1253 2396 1294 Eunom.

1275 1308 1359 1351 post
1389 1300 1510 1338 multa
1539 1304 1688 1354 egregie
1719 1302 1879 1342 iuliane
1909 1318 1991 1343 rem
2014 1306 2204 1359 disputata
2234 1310 2285 1347 ita
2304 1323 2396 1348 con-

1274 1353 1422 1392 cludit:
1452 1351 1568 1391 Nam
1598 1359 1631 1392 si
1661 1356 1804 1394 cunci-la
1824 1358 2092 1408 intelligentia
2113 1371 2254 1400 nostra
2284 1377 2398 1400 men-

1275 1419 1419 1446 surare
1449 1408 1715 1458 voluerimus,
1763 1412 1812 1451 (9⁶
1841 1407 2108 1462 quod-mente
2154 1428 2237 1454 non
2283 1420 2394 1467 capi-

1274 1473 1391 1510 mus,
1422 1460 1461 1498 i‹l
1488 1461 1764 1501 nihilomnino
1794 1478 1880 1503 esse
1906 1472 2203 1517 putat-erimus,
2233 1475 2398 1509 amitte-

1273 1523 1336 1552 tur
1384 1514 1558 1566 profeHo
1591 1516 1699 1569 fidei
1719 1547 1730 1564 ,
1787 1523 1993 1558 amittetur
2034 1526 2161 1559 etiam
2207 1527 2290 1571 spei
2336 1537 2396 1562 re-

1276 1573 1533 1609 muneratio.
1581 1572 1759 1618 Quorum
1790 1572 1934 1612 similia
1977 1573 2092 1612 habet
2120 1575 2247 1615 Satist.
2279 1577 2397 1617 Atha-

1277 1624 1408 1660 nasius
1450 1624 1629 1675 inquiens
1659 1624 1775 1664 L.11.
1818 1636 1940 1665 contr.
1985 1627 2157 1680 Apollin.
2202 1629 2251 1668 de
2289 1632 2397 1669 salu-

1277 1679 1359 1714 tari
1405 1676 1580 1715 adventu
1621 1677 1657 1716 J.
1692 1678 1735 1717 C.
1780 1693 1886 1727 num.
1915 1694 2000 1719 rr.:
2055 1680 2150 1719 Non
2193 1687 2303 1722 enim
2337 1685 2399 1738 fi-

1279 1728 1349 1768 (les
1388 1730 1588 1770 evidenter
1630 1745 1834 1785 apparens
1864 1733 1976 1787 fides
2006 1734 2082 1772 dici
2123 1741 2288 1786 poterit:
2337 1751 2399 1776 re-

1281 1796 1373 1822 rum
1403 1783 1518 1838 fides
1559 1795 1618 1823 est
1640 1816 1651 1834 ,
1699 1800 1785 1837 quoe
1827 1787 1930 1839 quoti
1972 1788 2209 1838 impossibile
2251 1800 2312 1828 est
2356 1795 2398 1829 in

1281 1843 1461 1889 potentia
1479 1869 1489 1888 ,
1519 1838 1622 1889 quoti
1650 1840 1859 1891 infirmum
1881 1845 1922 1878 in
1952 1846 2165 1881 virtute....
2195 1856 2282 1881 esse
2313 1857 2398 1883 cre-

1282 1890 1366 1936 <iit;
1395 1901 1476 1929 tum
1499 1890 1629 1930 Sanst.
1650 1893 1790 1931 Joann.
1807 1894 2098 1946 Chrysostomus
2116 1896 2231 1935 Hom.
2248 1897 2397 1938 XXIV.

1284 1945 1324 1981 in
1355 1944 1498 1994 Joan.,
1540 1947 1608 1997 qui
1647 1944 1764 1994 ideo,
1808 1947 1965 2000 inquit,
1995 1961 2068 1986 nos
2086 1948 2235 2002 fideles
2264 1953 2400 2002 appel-

1281 1995 1446 2046 lamur,
1500 1997 1543 2036 'ut
1583 1997 1862 2038 humanarum
1905 2005 2196 2053 cogitationum
2237 2010 2401 2045 veritate

1281 2060 1511 2102 contempta
1532 2082 1542 2100 ,
1597 2052 1654 2091 ad
1688 2052 1796 2106 fidei
1843 2055 2096 2107 altitudinem
2144 2058 2365 2097 eradamus
2388 2085 2401 2099 .

1281 2105 1338 2141 Ac
1367 2106 1525 2144 demum
1555 2107 1752 2144 notissima
1781 2115 1833 2144 est
1865 2107 1934 2145 illa.
1951 2107 2081 2146 Sanffl
2110 2110 2287 2157 Gregorii
2313 2111 2399 2151 Ma-

1279 2158 1346 2207 gni
1377 2159 1562 2196 sententia
1591 2158 1740 2196 Homil.
1761 2154 1913 2198 XXVI.
1944 2161 1982 2199 in
2003 2161 2151 2214 Evang.
2181 2152 2269 2201 Nec
2285 2164 2399 2218 fides

1278 2208 1399 2248 ‘habet
1440 2214 1628 2249 meritum
1646 2240 1657 2261 ,
1699 2210 1763 2250 uhi
1791 2212 1975 2252 humana
2003 2219 2107 2253 ratio
2133 2216 2284 2268 fwaebet
2327 2232 2400 2258 ex-

1278 2274 1550 2315 perimentum
1568 2290 1579 2303 .

1342 2331 1430 2356 roo.
1458 2318 1575 2356 Porro
1605 2317 1732 2358 nullus
1760 2328 1852 2359 esset
1879 2320 2034 2360 dicendi
2064 2321 2179 2372 finis,
2209 2325 2239 2363 si
2268 2326 2401 2366 omnia

1281 2369 1448 2410 aliorum
1479 2370 1663 2411 Ecclesia:
1694 2371 1850 2412 Patrum
1878 2376 2092 2415 testimonia
2123 2379 2160 2415 in
2191 2377 2290 2418 lianc
2318 2393 2401 2418 rem

1281 2425 1420 2463 afferre
1442 2425 1629 2464 vellemus
1646 2453 1657 2465 .
1687 2427 1777 2477 Duo
1804 2438 1930 2467 tamen
1952 2428 2078 2468 Patres
2107 2431 2256 2470 silentio
2287 2435 2401 2471 mini-

1282 2493 1345 2516 me
1387 2488 1475 2517 sunt
1518 2482 1802 2532 praetereundi,
1849 2481 1908 2521 Ss.
1937 2483 2109 2536 Cyrillus
2139 2486 2327 2525 Alexand.
2365 2485 2400 2525 8<

1285 2533 1446 2584 August.
1477 2547 1642 2587 quorum
1673 2536 1780 2587 prior
1809 2535 1899 2574 Lib.
1922 2537 1970 2575 ll.
2000 2547 2126 2577 contr.
2156 2538 2363 2578 Iulianum
2382 2555 2400 2580 .-

1288 2585 1478 2638 Oportet,
1522 2589 1646 2640 inquit
1664 2618 1673 2635 ,
1704 2603 1793 2639 quae
1821 2603 1943 2641 supra
1971 2604 2046 2630 nos
2073 2602 2188 2641 sunt,
2215 2593 2307 2647 fide
2335 2608 2399 2634 ve-

1283 2645 1451 2690 nerari,
1481 2653 1562 2678 non
1583 2646 1740 2681 ratione
1769 2647 1994 2695 inquirere.
2025 2643 2262 2686 [inbecillior
2290 2653 2400 2701 quip-

1281 2707 1332 2746 pe
1361 2707 1476 2733 mens
1497 2692 1668 2734 hominis
1697 2705 1784 2747 est,
1812 2711 1938 2750 quam
1966 2708 2007 2737 ut
2037 2701 2300 2755 intell1'gentia
2328 2715 2400 2742 ca-

2280 2769 2350 2809 pe·

1283 2828 1439 2875 judicem
1459 2841 1531 2864 esse
1550 2829 1677 2865 debere
1691 2853 1702 2872 ‚
1727 2829 1793 2865 hoc
1812 2832 2024 2878 sophismate
2041 2835 2222 2869 contendit
2239 2849 2248 2869 ε
2277 2838 2395 2879 Deus,

1283 2890 1377 2921 quem
1395 2879 1574 2910 atteramus
1586 2899 1597 2919 ,
1623 2891 1688 2912 non
1707 2888 1761 2912 est
1779 2878 1875 2913 Deus
1895 2882 2107 2915 tenebrarum
2123 2905 2131 2922 ‚
2157 2896 2220 2917 nec
2236 2885 2314 2917 ideo
2333 2889 2397 2918 mi-

1284 2924 1321 2958 hi
1349 2928 1516 2957 rationem
1534 2926 1682 2969 largitus
1708 2935 1787 2966 est,
1813 2936 1848 2960 ut
1872 2940 1912 2961 ea
1931 2941 1996 2961 non
2021 2938 2135 2963 uterer
2147 2936 2222 2964 (Tc.
2249 2930 2313 2964 Sed
2330 2943 2397 2965 non

1284 2972 1445 3004 meminit
1473 2970 1530 3003 hie
1557 2973 1673 3006 anaor
1698 2984 1847 3016 eorum,
1872 2987 1949 3019 quae
1969 2976 2047 3008 aliis
2075 2977 2109 3009 in
2129 2977 2214 3011 locis
2238 2977 2394 3022 ejusdem

1283 3018 1397 3062 operis
1425 3028 1505 3050 vere
1530 3015 1720 3060 docuerat,
1748 3020 1859 3053 Deum
1884 3030 2004 3066 utpote
2030 3035 2090 3055 ens
2117 3024 2294 3058 infinitum
2313 3023 2394 3056 adeo

1284 3064 1402 3096 lumen
1431 3072 1558 3097 nostra²
1585 3066 1733 3099 rationis
1758 3066 1950 3109 excedere,
1986 3078 2025 3102 ut
2051 3070 2110 3103 vix
2137 3070 2232 3105 alind
2269 3081 2394 3114 cogno-

1290 3121 1385 3143 scere
1410 3112 1608 3155 possimus‚
1634 3124 1741 3157 quam
1766 3124 1846 3147 eum
1871 3126 1966 3149 esse.
1994 3117 2045 3149 lta
2072 3117 2183 3151 'Porno
2202 3119 2242 3150 Π.
2260 3128 2293 3161 ρ.
2315 3115 2392 3158 214.

1292 3157 1335 3190 ¹1¹.
1362 3158 1404 3190 ll.
1433 3170 1465 3202 p.
1494 3158 1549 3192 58.
1576 3161 1608 3191 δι
1633 3159 1740 3193 alibi.
1768 3161 1953 3195 Rationem
1978 3172 2096 3197 autem
2124 3165 2222 3197 nobis
2246 3163 2393 3206 largitus

1290 3213 1341 3237 est
1355 3204 1470 3244 Deus,
1489 3214 1527 3237 ut
1541 3217 1579 3238 ea
1593 3214 1771 3239 uteremur
1786 3207 1818 3240 in
1834 3208 1897 3249 iis,
1917 3221 1994 3254 ΨΜ»
2010 3210 2080 3254 ipsa
2098 3220 2298 3253 cognoscere
2316 3216 2395 3252 pot-

1290 3258 1366 3290 est3
1393 3260 1498 3295 atque
1523 3261 1560 3285 ut
1586 3253 1660 3298 ipsa
1688 3251 1834 3287 docente
1860 3256 2155 3299 intelligeremus,
2183 3256 2253 3287 Deo
2278 3255 2392 3299 primo

1289 3298 1450 3330 veritatis
1476 3298 1562 3331 fonti
1589 3311 1661 3333 esse
1686 3312 1824 3334 omnem
1865 3301 1966 3335 fidem
1992 3300 2248 3346 praestandam,
2285 3301 2392 3337 etiam

1289 3343 1329 3378 in*
1350 3345 1559 3390 Mysteriis,
1584 3357 1661 3391 quae
1689 3348 1790 3381 illam
1816 3348 1915 3391 longe
1941 3356 2128 3392 superant·
