2504 3710
2239 155 2330 193 xm

395 510 887 577 CAPITUM
967 510 1086 572 ET
1172 507 2084 583 PROPOSITIONUM

1159 724 1322 767 QUAE

725 896 779 937 IN
821 895 926 935 HOC
968 892 1254 934 VOLUMINE
1295 894 1327 935 Ι.
1368 893 1752 936 CONTINENTUR

1043 1099 1195 1176 PAR-S
1226 1100 1419 1147 PRIMA

83 1345 346 1438 Dissnn'r.
365 1386 400 1430 Ι.
416 1389 459 1428 in
477 1399 559 1441 qua
576 1388 913 1439 demonstratur,
934 1385 1076 1426 Deum
1387 1398 1496 1428 veroe
1520 1386 1714 1438 ejusdem
1740 1386 1892 1427 divinoe
1909 1385 2174 1425 revelationis
2194 1395 2264 1423 no-

203 1473 325 1514 esse,
363 1462 504 1500 omnia
538 1461 588 1499 ab
622 1460 712 1510 ipso
738 1457 877 1510 fuisse
909 1464 1079 1510 creata,
1389 1466 1444 1498 toe
1477 1465 1796 1509 proponuntur.v
2325 1456 2375 1503 4¹

203 1539 404 1584 perpetuo
419 1531 683 1581 conservari,
717 1538 843 1582 atque
866 1532 962 1581 ejus
984 1540 1076 1580 pro·
1267 1527 1371 1586 Cap.
1395 1528 1429 1569 I.
1464 1530 1578 1579 Quid
1594 1531 1649 1568 sit
1672 1530 1842 1580 religio,
1873 1526 1913 1568 ἐφ’
1929 1528 2158 1578 quotuplex
2174 1528 2261 1567 Dei

203 1604 388 1642 videntia
421 1602 739 1640 administrari.
974 1597 1077 1650 Pag.
1173 1610 1194 1634 2
1387 1601 1529 1637 cultus
1562 1600 1612 1636 ab
1645 1610 1695 1636 ea
1730 1599 2028 1647 proescriptus.
2283 1598 2379 1639 ibid.

74 1666 235 1730 Cap.I.
266 1671 548 1712 Naturalibus
570 1668 800 1708 rationibus
816 1668 1076 1707 demonstra·
1265 1667 1371 1727 Cap.
1395 1666 1451 1708 II.
1486 1667 1776 1718 Ostenditur‚‘
1810 1667 1974 1705 cultum
2015 1668 2224 1706 internum
2246 1700 2259 1722 ,

203 1744 240 1782 ri
272 1750 435 1796 potest,
467 1742 611 1783 Deum
643 1752 733 1783 esse
751 1767 761 1778 .
1171 1733 1195 1775 5
1380 1737 1425 1782 {25
1457 1745 1680 1779 externum
1701 1737 1793 1776 Deo
1814 1738 1980 1791 deberi,
2012 1739 2159 1791 illique
2189 1750 2253 1777 es-

75 1809 262 1872 Cap.11..
295 1816 438 1857 Deum
459 1816 600 1865 reipsa
625 1813 806 1852 existere
839 1809 972 1849 variis
1004 1819 1074 1847 ar-
1386 1824 1430 1851 se
1464 1818 1716 1862 acceptum.
2252 1841 2257 1845 ,
2323 1814 2377 1861 42

195 1889 412 1939 gumentis
439 1886 669 1927 ostenditur
680 1897 698 1932 ,·
732 1879 772 1923 fio·
806 1881 941 1933 primo
973 1880 1074 1930 quia
1263 1881 1369 1941 Cap.
1392 1882 1468 1924 III.
1502 1883 1769 1934 Ostenditur,
1800 1883 1987 1933 potuisse
2008 1882 2154 1923 Deum
2187 1884 2257 1923 ho-

195 1967 263 1996 res
294 1968 438 1997 omnes
461 1957 592 2006 hujus
615 1953 800 1993 universi
831 1951 1072 2002 contingen-
1382 1957 1564 1995 minibus
1597 1956 1841 2007 religionem
1875 1956 2088 1994 revelare.
2318 1957 2376 2006 44

197 2032 261 2067 tes
292 2035 416 2080 sunt,
461 2026 695 2066 luculenter
726 2026 1039 2064 demonstratur
1059 2054 1072 2076 ,
1262 2027 1367 2086 Cap.
1391 2026 1469 2075 IV.
1502 2029 1830 2068 Demonstratur
1850 2029 2003 2067 divinoe
2036 2028 2256 2067 revelatio-

193 2109 286 2137 0550’
317 2106 470 2149 Pl'oeler
501 2099 576 2139 illd
611 2097 730 2136 ‘Iliad
775 2107 848 2134 6¹28
878 2106 1068 2148 summe,
1381 2102 1446 2140 nis
1468 2101 1699 2141 necessitas
1716 2101 1772 2139 ad
1792 2099 2029 2153 perfectam
2050 2099 2158 2149 legis
2181 2111 2256 2138 na-

191 2166 411 2210 &omnino
426 2169 734 2220 necessarium,
758 2179 906 2217 nempe
922 2167 1067 2206 Deum
1379 2173 1533 2211 taralis
1564 2174 1842 2224 cognitionem
1857 2185 1876 2220 ‚-
1911 2171 1975 2210 ρει
2007 2176 2054 2208 ut
2087 2169 2163 2207 αιῑι·
2195 2170 2253 2207 20-

191 2242 366 2292 infinitis
409 2239 729 2293 perfeo‘tionibus
772 2239 1064 2279 cumulatissi-
1377 2250 1587 2296 quantur,
1641 2246 1698 2284 ad
1728 2245 2005 2299 cognitionem
2037 2237 2253 2297 religionis

193 2324 316 2353 mum
331 2340 342 2352 .
1159 2324 1180 2365 7
1376 2310 1582 2354 naturalis
1599 2343 1614 2354 .
2311 2317 2369 2365 46

67 2380 172 2441 Cap.
193 2382 271 2425 ΙΙΙ.
304 2386 376 2426 Ex
408 2393 553 2440 motu,
584 2384 721 2437 quiin
743 2390 1065 2424 rerumnatura
1252 2383 1358 2443 Cap.
1382 2383 1437 2426 V.
1469 2385 1692 2426 Nonnullis
1724 2387 1988 2437 argumentis
2017 2384 2249 2424 ostenditur

185 2467 392 2513 apparet,
419 2461 736 2500 demonstratur
767 2457 910 2496 Deum
941 2469 1060 2497 esse.
1129 2469 1178 2496 12
1371 2457 1599 2496 necessitas
1645 2459 1799 2497 divinoe
1833 2458 2100 2498 revelationis
2143 2469 2248 2508 qua-

67 2521 171 2580 Cap.
194 2524 275 2566 lv.
307 2530 450 2568 Deum
481 2541 601 2582 esse,
632 2540 686 2567 ex
710 2530 895 2569 mirabili
929 2529 1061 2580 hujus
1370 2531 1568 2571 rumdam
1586 2532 1817 2571 veritatum
1832 2530 2247 2582 supernaturalium.
2313 2530 2365 2572 52

185 2598 334 2637 mundi
366 2599 577 2639 struant-a
611 2601 949 2641 demonstratur.
1130 2600 1183 2642 16
1254 2601 1290 2661 ᾗ.
1313 2601 1348 2645 Ι.
1380 2594 1576 2643 Primum
1611 2610 1916 2655 argumentum
1961 2615 2037 2654 pro
2069 2604 2244 2643 necessi-

65 2664 169 2724 Cap.
194 2666 249 2709 V.
282 2670 430 2730 Deum.
447 2684 538 2711 esse
570 2672 848 2724 confirmatur
869 2683 924 2710 ex
956 2683 1062 2712 una·
1372 2682 1460 2716 tate
1495 2677 1762 2717 revelationis
1802 2675 2146 2727 supernaturalis
2177 2674 2247 2713 de-

185 2741 291 2779 nimi
323 2742 539 2782 hominum
573 2744 836 2786 consensione
853 2769 864 2782 .
1123 2747 1179 2789 23
1370 2756 1590 2800 sumptum
1621 2762 1676 2789 ex
1710 2751 1873 2789 interna
1897 2745 2075 2790 hominis
2104 2757 2246 2786 corru-

66 2807 170 2867 Cap.
194 2808 273 2851 VI.
305 2813 521 2855 Asseritur
541 2826 712 2856 summa
730 2815 805 2854 illa
822 2845 834 2866 ‚
868 2825 918 2853 ac
934 2826 1058 2866 gene·
1366 2822 1504 2873 ptione
1521 2851 1534 2873 ,
1566 2823 1694 2873 cujus
1717 2818 1992 2872 corruptionis
2013 2818 2220 2869 originem
2234 2850 2247 2873 ,

186 2883 291 2923 Talis
335 2888 599 2938 providentia
622 2920 636 2942 ,
689 2900 773 2940 qua
820 2888 940 2927 Deus
988 2900 1054 2928 res
1365 2905 1572 2946 causam,
1619 2890 1658 2934 b·
1692 2892 1926 2933 remedium
1958 2891 2120 2930 nonnisi
2151 2894 2244 2934 Deo

180 2964 323 2995 omnes
354 2967 573 3000 conservat
589 2991 601 3015 ,
654 2957 693 3002 85
736 2961 1052 3014 sapientissime
1364 2968 1573 3007 revelante
1604 2977 1850 3018 cognoscere
1881 2975 2134 3014 possumus.
2304 2964 2360 3007 55

183 3027 455 3070 administrat
475 3058 491 3072 ι
1118 3034 1170 3076 52
1246 3035 1281 3092 §.
1303 3034 1357 3078 ΙΙ.
1389 3040 1585 3080 Alterum
1617 3044 1920 3090 argumentum
1957 3048 2032 3089 pro
2062 3037 2242 3076 necessi-

63 3091 275 3137 DISSERT.
298 3096 354 3139 ΙΙ.
390 3100 436 3141 In
480 3117 561 3156 qua
593 3107 823 3147 ostenditur
867 3108 1053 3161 potuisse
1364 3118 1453 3151 tate
1483 3113 1636 3152 divinoe
1668 3112 1937 3152 revelationis
1969 3110 2154 3161 petitum
2188 3111 2240 3149 ab

182 3171 327 3211 Deum
359 3173 592 3216 hominibus
613 3179 857 3231 religionem
890 3183 1052 3221 revela·
1359 3185 1596 3236 ignorantia
1629 3184 1759 3225 medii
1782 3183 2011 3223 necessarii
2048 3185 2104 3223 ad
2135 3184 2237 3223 obti-

182 3254 258 3283 νει
312 3252 402 3286 tum
435 3248 542 3287 hanc
575 3251 872 3293 revelationem
912 3251 1049 3305 fuisse
1360 3258 1539 3297 nendam
1571 3263 1844 3308 peccatorum
1875 3256 2193 3296 remissionem.
2297 3254 2351 3305 57

183 3313 416 3359 hominibus
446 3322 731 3361 necessariam
747 3353 759 3375 ,
792 3336 843 3364 ac
875 3325 1051 3366 demum
1237 3323 1272 3379 §.
1289 3322 1367 3366 111.
1385 3328 1579 3370 Tertium
1589 3335 1890 3382 argumentum
1900 3341 1975 3382 pro
1985 3327 2235 3372 necessitate
