2564 3706
816 85 899 138 DE:
934 85 1218 136 SANCTIT.

83 178 314 221 stimonium
343 175 526 218 omnibus
553 171 756 226 gentibus,
791 171 842 215 cb*
870 182 963 212 tunc
993 175 1118 212 veniet
1135 167 1196 224 fi-

84 237 170 271 nis.
199 234 247 271 Et
277 233 447 269 futurum
478 229 686 281 aliquando
715 241 837 266 unum
865 226 989 276 ovile,
1020 224 1054 264 &
1074 233 1198 265 unum

86 287 280 327 Pastorem
307 283 479 323 Christus
509 284 590 336 ipse
620 283 801 335 praedixit
829 281 888 321 J0.
909 281 963 320 X.
997 280 1058 320 16.

141 335 235 391 559.
264 337 412 376 Deinde
432 345 537 375 extra
556 349 667 374 omne
686 336 852 375 dubium
871 344 924 374 est
941 364 952 385 ‚
981 334 1200 374 Ecclesiam

83 402 254 434 nostram
282 402 360 429 esse
400 390 524 429 multo
565 388 679 429 latius
721 389 1037 438 disseminatam,
1081 401 1201 441 quam

86 444 256 498 singulas
286 443 452 486 aliorum
483 441 625 493 sedas,
654 441 787 482 saltem
815 442 972 481 divisim
1001 452 1174 495 acceptas
1192 467 1204 479 .

86 499 130 539 Si
161 500 276 551 igitur
304 508 428 538 nostra
458 497 635 537 Ecclesia
664 511 736 536 non
764 506 816 534 est
854 496 1071 545 catholica,
1114 509 1204 535 con-

88 566 250 606 sequens
278 553 349 591 erit
367 581 378 602 ,
407 552 556 590 divinas
586 553 853 604 promissiones
881 550 1063 590 defecisse
1081 579 1091 599 ,
1122 548 1205 597 vel,

90 606 124 645 si
153 606 191 645 id
221 607 388 659 impium
431 615 485 643 est
526 618 716 653 asserere,
758 603 837 642 sola
879 614 1004 644 nostra
1032 603 1207 643 Ecclesia

91 668 221 713 utpote
251 659 362 701 latius
391 659 523 698 ceteris
551 659 728 697 omnibus
764 667 937 707 extensa,
979 659 1141 698 dicenda
1169 670 1208 694 e-

95 715 146 752 rit
175 726 263 751 vere
291 710 491 750 catholica
508 737 519 750 .

151 766 245 808 560.
276 765 447 805 Demum
476 763 656 820 quamvis
685 762 858 805 Ecclesia
890 760 1060 804 Romana
1089 772 1210 804 totum

91 832 173 861 non
203 828 364 873 occupet
391 819 525 859 orbem
553 833 598 858 eo
626 833 760 868 sensu,
791 828 831 857 ut
859 819 905 857 sit
935 819 1080 872 ubique
1109 818 1209 864 sola3

93 881 148 912 est
177 881 306 913 tamen
334 873 460 927 reipsa
500 882 576 913 toto
616 874 709 913 orbe
750 873 889 912 diffusa
917 887 961 911 eo
989 886 1099 912 sensu
1117 903 1127 922 ,
1170 880 1211 911 ut

94 926 204 966 nulla
232 929 279 966 sit
309 929 445 967 mundi
474 942 591 982 pars,
621 928 654 964 &
684 927 796 966 nulla
825 927 944 975 natio,
975 929 1013 965 in
1041 940 1117 979 qua
1138 939 1212 964 non

92 978 236 1020 habeat
264 994 348 1020 suos
378 980 564 1030 Pastores‚
608 981 642 1018 8(
670 994 754 1018 suos
783 979 873 1017 fidei
918 980 1213 1031 praedicatores;

97 1032 135 1070 8(
163 1048 255 1073 cum
285 1035 448 1076 verbum
470 1034 543 1074 Dei
573 1046 654 1072 non
683 1039 904 1071 revertatur
933 1043 1104 1069 vacuum
1135 1034 1149 1081 (
1180 1032 1214 1068 I-

97 1089 191 1128 saiae
212 1088 298 1128 LV.
325 1102 386 1128 11.
417 1089 463 1138 )‚
493 1089 609 1126 etiam
638 1085 783 1138 ubique
814 1083 928 1123 habet
959 1085 1086 1124 filios.
1117 1083 1216 1135 Ejus

95 1155 252 1196 quoque
281 1142 355 1182 filii
384 1149 470 1181 sunt
499 1139 791 1187 haereticorum,
821 1137 854 1175 8(
883 1137 1216 1177 schismaticorum

97 1196 266 1235 infantes
293 1207 402 1234 sacro
428 1194 658 1246 baptismate
687 1193 810 1231 abluti
829 1220 839 1240 ‚
883 1206 1082 1245 quousque
1111 1191 1221 1231 adul-

99 1257 178 1288 tam
208 1255 360 1286 aetatem
389 1247 614 1298 attingentes
643 1246 778 1285 haeresi
798 1277 808 1295 ,
839 1245 899 1284 vel
920 1245 1115 1285 schismati
1147 1259 1222 1285 non

100 1300 352 1343 adhaereant.
389 1301 432 1341 Si
461 1302 530 1354 qui
559 1301 651 1339 item
680 1308 766 1340 suut
794 1302 890 1338 inter
918 1300 1066 1339 adultos
1096 1300 1221 1337 invin-

97 1354 212 1394 cibili
242 1355 452 1407 ignorantia
481 1354 723 1403 laborantes,
767 1352 801 1391 8(
832 1362 1032 1407 propterea
1061 1353 1110 1392 ab
1142 1353 1221 1391 hae-

98 1410 222 1456 resis‚
265 1406 327 1447 vel
356 1407 571 1447 schismatis
599 1407 716 1461 culpa
748 1409 960 1457 immunes,
1004 1409 1069 1447 isti
1106 1408 1223 1446 etiam

102 1462 152 1503 ad
181 1461 399 1502 Ecclesiam
434 1460 675 1501 Catholicam
724 1462 939 1514 pertinent,
983 1475 1224 1516 quamquam

104 1519 267 1559 nonita
303 1515 420 1556 facile
450 1514 534 1555 haec
578 1516 794 1567 ignorantia
836 1516 1079 1555 invincibilis
1122 1517 1227 1553 inve-

106 1571 257 1608 niatur.
286 1568 379 1608 Vid.
408 1583 497 1622 quae
527 1567 629 1608 dicta
672 1571 848 1622 superius
889 1580 974 1610 sunt
1003 1583 1111 1609 num.
1135 1568 1226 1608 288.

110 1621 146 1658 8(
173 1637 253 1675 seq.
283 1631 365 1662 tum
395 1622 620 1662 Dissert.11.
649 1636 760 1662 num.
790 1623 876 1676 169.

166 1676 259 1716 561.
290 1676 399 1715 Talis
436 1675 591 1715 diffusio
619 1685 674 1715 est
714 1686 854 1716 nostrae
898 1678 1011 1716 unius
1041 1674 1228 1716 Ecclesiae

110 1730 297 1783 propria;
326 1742 417 1768 cum
446 1743 517 1769 nec
547 1729 879 1780 Lutheranorum,
909 1746 980 1770 nec
999 1731 1230 1770 Calvinista-

109 1796 199 1824 rum
230 1781 340 1823 κᾶε
371 1785 442 1823 sint
470 1784 618 1837 ubique
646 1785 857 1837 dispersae;
887 1787 967 1824 imo
996 1799 1064 1823 nec
1092 1784 1228 1824 Eccle-

109 1837 168 1877 sia
196 1836 402 1876 Orientalis
419 1867 429 1886 ‚
458 1851 585 1891 neque
614 1837 937 1878 Mahumetismus
956 1868 966 1887 ,
1006 1852 1129 1892 neque
1159 1838 1230 1877 Pa-

110 1892 329 1942 ganismus,
358 1904 447 1944 quae
477 1890 590 1930 sestae
622 1893 662 1930 in
691 1895 905 1932 extensione
936 1892 1230 1932 I'rotestantium

112 1947 401 1984 communiones
430 1945 599 1985 multum
627 1956 827 1999 superant,
856 1945 1000 1999 jafiare
1021 1948 1164 2000 possit,
1195 1959 1232 1983 se

110 1997 155 2037 in
183 1999 291 2037 omni
321 1998 405 2036 loco
433 1998 576 2038 habere
603 2000 765 2038 asseclas
782 2030 793 2049 ‚
824 2009 864 2038 ut
891 2001 1031 2040 merito
1058 1998 1234 2036 Ecclesia

110 2059 237 2091 nostra
266 2047 480 2102 gloriatur,
510 2054 552 2090 in
580 2065 659 2104 qua
676 2051 758 2090 sola
787 2053 945 2092 fuerunt
973 2052 1117 2090 divinae
1147 2061 1236 2104 pro-

113 2104 316 2144 missiones
345 2102 515 2157 impletae
531 2128 543 2143 .

171 2157 265 2198 562.
293 2156 389 2210 Obj.
414 2170 453 2198 2.
481 2154 611 2198 Multa
639 2165 727 2196 sunt
755 2171 852 2197 sacr.
871 2155 1087 2196 litterarum
1117 2154 1240 2194 utriu-

116 2223 212 2265 sque
240 2219 389 2253 testam.
419 2210 533 2259 loca,
562 2213 605 2250 in
634 2210 779 2262 quibus
807 2212 1059 2262 praedicitur,
1103 2209 1240 2248 Eccle-

114 2267 215 2307 siam
244 2266 327 2304 fore
357 2266 396 2303 in
425 2265 560 2317 paucis
602 2262 826 2302 ‘conclusam
844 2291 855 2302 .
898 2264 963 2302 Sic
1003 2263 1128 2315 figura
1157 2262 1240 2315 ejus

116 2319 194 2361 fuit
223 2332 313 2359 arca
341 2317 421 2357 Noe
440 2347 451 2365 ‚
481 2319 521 2356 in
551 2330 628 2370 qua
658 2318 807 2355 nonnisi
835 2314 919 2356 osto
947 2318 1091 2356 animae
1122 2316 1240 2355 salvae

116 2371 231 2416 fast&
260 2380 373 2412 sunt.
401 2370 572 2410 Christus
602 2371 718 2410 etiam
749 2370 867 2410 Lucae
898 2371 987 2409 XII.
1011 2372 1075 2410 52.
1106 2368 1240 2409 Eccle-

116 2427 218 2467 siam
247 2433 357 2463 vocat
384 2425 572 2476 pusillum
598 2438 798 2478 gregem;
828 2426 861 2463 8(
893 2424 1034 2464 Matth.
1055 2423 1142 2463 Vll.
1178 2424 1240 2471 14.

116 2491 262 2532 pancos
290 2491 368 2517 esse
395 2479 518 2528 dicit,
555 2481 623 2532 qui
653 2481 797 2518 intrant
826 2493 894 2532 per
923 2487 1123 2533 angustam
1153 2492 1241 2532 por-

119 2540 221 2582 tam,
251 2544 340 2585 quae
369 2531 477 2572 ducit
505 2532 553 2572 ad
584 2534 702 2572 vitam
720 2559 730 2579 ‚
767 2535 858 2571 item
881 2531 973 2572 XX.
1010 2534 1070 2572 16.
1100 2544 1242 2586 paucos

121 2598 200 2625 esse
227 2584 388 2626 eleetos:
431 2595 520 2626 nota
548 2598 702 2640 quoque
730 2596 815 2625 sunt
857 2587 1029 2637 ejusdem
1058 2588 1244 2626 vaticinia

118 2641 168 2679 de
197 2639 422 2680 infelicibus
452 2641 677 2680 Antichristi
715 2640 982 2694 temporibus,
1025 2642 1066 2679 in
1096 2641 1243 2694 quibus

125 2696 192 2733 vix
220 2695 335 2748 pauci
364 2691 475 2734 eleffi
505 2694 700 2733 tentationi
743 2697 949 2733 resistent.
991 2693 1049 2733 Ac
1075 2695 1244 2747 denique

127 2748 170 2787 S.
189 2748 357 2788 Joannes
387 2748 549 2802 Apocal.
570 2746 660 2787 XII.
681 2748 721 2788 6.
750 2748 967 2787 Ecclesiam
997 2747 1152 2787 exhibet
1171 2747 1244 2787 sub

125 2801 253 2854 figura
280 2803 484 2851 mulieris,
527 2815 616 2856 quae
648 2803 813 2855 fugit¹in
844 2802 1086 2841 solitudinem
1105 2832 1115 2851 ,
1157 2803 1245 2855 qui-

123 2855 200 2896 bus
227 2856 433 2906 omnibus,
463 2855 628 2910 aliisque
656 2858 697 2896 id
725 2870 841 2909 genus
860 2857 958 2896 bene
988 2855 1120 2894 multis
1148 2854 1246 2909 quid

127 2910 234 2950 aliud
255 2910 493 2961 significatur
508 2941 519 2959 ‚
548 2924 666 2963 quam
686 2909 902 2950 Ecclesiam
924 2911 1073 2948 nonnisi
1094 2911 1134 2948 in
1150 2923 1246 2963 pau·

129 2964 186 3003 cis
213 2963 394 3003 fidelibus
422 2965 622 3002 inventum
651 2964 731 3003 iri?
769 2964 856 3003 Non
885 2977 973 3017 ergo
999 2963 1242 3018 amplitudo,

128 3016 165 3055 8(
194 3018 463 3057 universalitas
480 3026 596 3071 potest
624 3031 703 3057 esse
730 3018 814 3071 ejus
843 3028 928 3058 nota
959 3018 1023 3071 (a)
1043 3042 1053 3057 .

181 3157 231 3194 (a)
260 3152 355 3194 His,
378 3162 476 3198 atque
494 3151 688 3201 hujusmodi
705 3153 873 3199 exemplis
888 3152 1039 3189 haereeici
1058 3165 1147 3187 suam
1165 3162 1247 3196 pan-

135 3202 274 3234 citatem
300 3202 534 3234 commendare
569 3209 756 3242 conantur,
795 3206 836 3235 <J
865 3207 900 3235 in
938 3205 1051 3235 sanna
1075 3200 1248 3234 Ecclesiae

136 3248 388 3281 multitudinem
412 3257 485 3281 toto
509 3247 589 3280 orbe
612 3249 780 3289 diffusam
815 3249 1048 3290 blasphemare
1082 3260 1147 3280 non
1173 3258 1250 3279 ces-

143 3302 222 3328 sant
236 3316 246 3325 .
271 3295 383 3328 San&
400 3294 620 3340 Augustinus
637 3295 682 3328 de
706 3298 792 3329 unit.
810 3295 982 3330 Ecclesia
1001 3307 1030 3327 c.
1050 3295 1102 3327 13.
1125 3294 1168 3326 T.
1189 3293 1252 3327 lx.

188 3341 236 3381 (b)
260 3341 313 3375 lta
337 3341 473 3385 legebat
499 3342 534 3376 S.
559 3341 683 3382 Pater5
720 3339 778 3374 sed
803 3351 924 3378 nostra
954 3341 1096 3386 vulgata
1122 3339 1253 3377 habens

1249 80 1580 133 ECCLES‘IAE’
1600 114 1612 130 .
2222 89 2304 138 23⁷⁸

1320 167 1413 208 563.
1445 167 1556 219 Resp.
1600 181 1691 206 cum
1720 166 1761 206 S.
1792 166 2002 220 Augustino
2023 200 2033 219 ,
2076 165 2236 222 objeffls
2276 182 2375 212 sacr.

1263 223 1542 278 scripturarum
1564 220 1657 259 locis
1678 234 1747 258 non
1767 222 1977 274 significari
1998 220 2213 264 Ecclesiam
2229 254 2240 275 ,
2263 235 2378 278 prout

1266 273 1536 329 complectitur
1564 274 1680 313 simul
1711 274 1856 324 bonos,
1895 277 1928 313 8(
1958 278 2104 327 malos,
2134 277 2168 315 8(
2197 282 2261 318 cui
2290 280 2378 319 talis

1266 331 1455 385 promissa
1492 337 1544 367 est
1586 328 1827 379 amplitudo,
1872 338 1910 366 ut
1939 339 2012 368 toto
2053 341 2242 372 terrarum
2284 333 2381 373 orbe

1269 386 1520 432 extendatur,
1550 381 1614 422 sed.
1641 383 1832 434 designari
1863 382 1987 421 solnm
2016 384 2172 434 elestos,
2203 387 2272 440 qui
2299 387 2380 426 cot-

1271 439 1339 478 lati
1369 452 1458 478 clun
1488 436 1628 484 malis,
1669 436 1704 473 8(
1734 434 1905 488 reprobis
1935 441 2046 488 pauci
2076 449 2188 488 sunt,
2218 442 2252 477 8(
2281 439 2380 479 reste

1272 501 1460 532 vocantur
1487 491 1650 542 pusillus
1677 502 1807 543 grex,
1849 492 2028 542 quamvis
2057 494 2172 532 etiam
2201 494 2314 543 boni,
2345 494 2381 531 ἃ

1273 546 1383 585 electi
1413 545 1612 593 absolute,
1643 543 1677 580 8(
1705 546 1744 582 in
1768 556 1896 582 senon
1917 545 1991 581 sint
2021 547 2161 596 pauci,
2191 550 2252 586 sed
2281 549 2383 587 mul..

1275 601 1329 639 ti.
1361 599 1472 638 Unde
1501 598 1598 637 illud
1628 597 1731 651 apud
1752 595 1891 636 Matth.
1911 596 1998 636 Vll.
2027 610 2086 635 11.
2116 600 2230 637 multi
2257 600 2307 638 ab
2330 601 2384 639 O·-

1273 659 1401 692 riente
1430 657 1611 701 venient,
1641 654 1690 692 <9³
1711 649 1938 690 recumbent
1958 663 2050 689 cum
2072 649 2280 691 Abraham
2296 682 2307 701 ,
2336 656 2386 695 (9·

1277 707 1428 756 Isaac,
1458 707 1506 747 Φ
1536 704 1658 744 Jacob
1687 709 1729 744 in
1757 718 1880 758 regno
1909 706 2130 744 coelorum:
2161 704 2195 741 8(
2225 706 2322 744 illud
2342 707 2390 746 ad

1279 761 1414 800 Titum
1437 761 1485 799 ll.
1521 761 1581 806 14.
1611 761 1657 798 de
1685 760 1860 806 Christ03
1904 769 1944 797 ut
1975 758 2192 798 mundaret
2220 773 2293 798 nos
2321 759 2394 798 sibi

1277 816 1462 866 populum
1483 813 1760 853 abundantem
1781 812 1861 866 (b),
1891 814 2172 853 aemulatorem
2202 812 2394 853 honorum

1277 881 1442 918 operum
1459 883 1474 913 ,-
1503 882 1545 908 ac
1567 869 1723 906 demum
1746 867 1906 922 Apocal.
1927 867 1977 907 V.
2005 881 2065 906 11.
2094 868 2135 907 S.
2155 868 2319 907 Joannes
2334 869 2393 907 vi-

1278 923 1334 960 dit
1364 935 1568 961 numerum
1598 935 1728 961 eorum
1748 952 1757 971 ,
1788 923 1854 975 qui
1876 921 2023 962 stabant
2044 924 2084 961 in
2103 924 2271 961 circuitu
2291 921 2396 960 thro-

1283 976 1351 1023 ni,
1381 975 1414 1011 8(
1443 986 1522 1015 erat
1552 989 1733 1014 numerus
1762 976 1888 1014 millia
1919 976 2086 1015 millium
2104 1006 2115 1025 ,
2159 976 2251 1015 idest
2281 977 2392 1015 innu-

1283 1028 1483 1067 merabilis
1501 1055 1511 1066 .
1549 1030 1601 1067 Ita
1631 1030 1881 1080 respondebat
1911 1030 2119 1070 Donatistis
2147 1029 2187 1068 S.
2220 1030 2397 1083 Augusti-

1283 1095 1354 1121 nus
1383 1080 1431 1119 (le
1461 1085 1605 1119 imitat.
1636 1079 1749 1120 Eccl.
1780 1096 1866 1135 cap.
1902 1081 1987 1122 13.:
2017 1082 2050 1120 8(
2080 1083 2333 1123 concludebat
2361 1096 2398 1122 c.

1294 1136 1355 1182 14.
1385 1148 1477 1174 ecce
1519 1138 1592 1186 ipsi
1633 1134 1817 1172 (licuntur
1848 1137 1986 1184 multi,
2030 1142 2095 1186 qui
2137 1136 2320 1174 dicuntur
2347 1137 2402 1178 <9-

1288 1193 1430 1242 pauci.
1464 1187 1642 1240 Quare?
1671 1189 1749 1226 nisi
1779 1189 1892 1226 muln·
1919 1201 1989 1239 per
2017 1202 2060 1227 se
2089 1194 2191 1238 ipsos
2221 1189 2401 1228 conside—

1289 1247 1401 1288 rati;
1429 1247 1547 1294 pauci
1576 1252 1718 1281 tamen
1748 1247 1789 1280 in
1818 1246 2123 1292 comparatione
2152 1247 2374 1294 iniquorum
2391 1268 2404 1282 .

1290 1297 1354 1336 Isti
1385 1306 1467 1334 sunt
1497 1298 1536 1334 in
1567 1295 1740 1336 Ecclesia
1777 1297 1889 1335 sicuti
1920 1299 1960 1335 iu
1990 1310 2080 1336 arca
2101 1328 2112 1345 ‚
2156 1306 2196 1335 ut
2225 1313 2246 1335 a
2277 1297 2406 1350 perdi-

1289 1352 1390 1390 tione
1419 1350 1639 1389 salventur.
1684 1350 1747 1387 Isti
1786 1348 2053 1401 ingrediuntur
2096 1364 2164 1402 per
2205 1360 2408 1402 angustam

1289 1412 1468 1458 portam3
1510 1403 1544 1440 8(
1573 1404 1633 1442 isti
1662 1405 1777 1441 etiam
1815 1403 2151 1444 turbulentissimis
2183 1402 2409 1443 Antichristi

1291 1458 1529 1512 temporibus
1549 1459 1744 1496 tentationi
1765 1470 1841 1497 non
1860 1457 1991 1495 cedent
2010 1484 2020 1495 .
2049 1458 2108 1496 De
2136 1458 2319 1496 vaticinio
2340 1472 2408 1496 au-

1293 1520 1370 1551 tem
1392 1511 1432 1552 S.
1453 1512 1606 1551 Joannis
1628 1543 1639 1561 ,
1668 1512 1755 1549 vide
1772 1542 1783 1560 ,
1813 1525 1901 1564 quae
1923 1525 2039 1563 supra
2058 1513 2157 1550 dicta
2177 1521 2260 1549 sunt
2279 1526 2319 1550 n.
2344 1511 2410 1563 75.

1350 1566 1442 1613 564.
1472 1566 1614 1605 Dices.
1646 1566 1810 1613 Quando
1831 1564 2004 1604 Ecclesia
2033 1566 2159 1618 primo
2188 1576 2314 1604 exorta
2334 1575 2410 1613 est,

1297 1633 1369 1659 non
1399 1628 1478 1659 erat
1506 1627 1606 1658 certe
1635 1627 1710 1657 toto
1736 1617 1828 1657 orbe
1856 1619 1994 1657 diffusa
2011 1633 2021 1665 3
2065 1618 2134 1658 hoc
2164 1621 2266 1656 enim
2297 1619 2411 1658 debe*

1297 1675 1362 1714 bat
1392 1675 1477 1713 fieri
1505 1675 1720 1713 successiva
1749 1672 1951 1724 Evangelii
1982 1675 2279 1725 propagatione:
2323 1683 2413 1726 ergo

1297 1737 1390 1767 tunc
1420 1741 1496 1766 non
1525 1736 1605 1766 erat
1634 1723 1854 1774 catholica,
1883 1737 1953 1765 nec
1973 1735 2117 1779 poterat
2145 1736 2232 1766 tunc
2253 1725 2324 1766 hac
2344 1739 2413 1764 ne-

1296 1791 1333 1822 ta
1361 1782 1555 1830 discerni,
1585 1781 1755 1834 adeoque
1785 1779 1856 1819 ἃς.

1355 1835 1447 1877 565.
1478 1834 1701 1887 Respondeo
1731 1835 1769 1872 id
1807 1846 1946 1886 parum
1987 1831 2142 1882 obesse,
2189 1847 2280 1872 cum
2322 1832 2416 1872 adeo

1299 1890 1474 1928 celeriter
1514 1888 1758 1928 admirabilis
1799 1885 2005 1939 Evangelii
2053 1889 2276 1940 propagatio
2318 1887 2419 1925 facta

1301 1942 1445 1991 fuerit,
1488 1951 1530 1979 ut
1558 1951 1764 1993 antequam
1794 1950 1915 1978 morte
1943 1936 2084 1978 sublati
2114 1950 2232 1978 essent
2261 1939 2418 1993 Aposto-

1302 1994 1360 2043 li,
1390 1995 1471 2045 jam
1501 1996 1541 2032 in
1562 2002 1636 2031 toto
1665 1993 1813 2031 mundo
1841 1992 1991 2031 floreret
2014 1992 2217 2032 Ecclesia.
2247 1994 2348 2032 Sane
2376 1995 2419 2034 S.

1304 2044 1448 2087 Paulus
1477 2047 1662 2086 Romanis
1703 2047 1875 2085 scribens
1904 2046 2103 2099 inquiebat
2132 2061 2166 2084 c.
2189 2049 2218 2085 Ι.
2249 2048 2288 2086 8.
2307 2047 2420 2100 fides

1307 2110 1438 2139 vestra
1467 2103 1744 2138 annunciatur
1771 2103 1814 2136 in
1842 2102 2021 2136 universo
2050 2098 2221 2138 mundo.
2252 2099 2351 2139 Hinc
2381 2115 2420 2138 e·-

1307 2156 1401 2192 tiam
1433 2153 1482 2191 ab
1511 2155 1592 2205 ipso
1620 2153 1677 2190 sni
1707 2153 1862 2190 exordio
1880 2151 2055 2190 Ecclesia
2086 2153 2160 2191 sibi
2190 2166 2421 2192 110111811οα-

1308 2207 1465 2245 tholicoe
1493 2207 1711 2259 usurpavit3
1743 2218 1834 2244 nam
1863 2205 1905 2244 S.
1935 2207 2102 2258 ignatius
2131 2203 2228 2244 Petri
2260 2218 2339 2260 post
2369 2208 2421 2246 E-

1310 2261 1467 2300 vodium
1497 2261 1536 2298 in
1565 2257 1744 2299 cathedra
1765 2257 1998 2298 Antiochena
2028 2272 2220 2298 successor
2249 2262 2289 2299 in
2310 2263 2422 2313 epist.

1308 2315 1356 2353 ad
1376 2315 1630 2367 Smyrnenses
1650 2327 1758 2351 num.
1781 2312 1838 2351 8.:
1868 2311 1930 2351 ubi
1945 2312 2105 2365 fuerit,
2136 2315 2261 2367 inquit
2277 2346 2287 2362 ,
2312 2314 2423 2354 Chre}-

1309 2378 1392 2408 stus
1421 2367 1561 2416 Jesus,
1603 2366 1655 2406 ibi
1683 2366 1881 2405 catholica,
1924 2376 1983 2405 est
2012 2365 2225 2406 Ecclesia.
2269 2368 2317 2407 Et
2348 2371 2423 2422 ipsi

1310 2423 1564 2476 Smyrnenses
1593 2420 1696 2475 apud
1715 2421 1929 2460 Eusebium
1959 2421 2049 2460 Lib.
2072 2421 2140 2460 lV.
2171 2419 2277 2460 Hist.
2306 2418 2423 2462 Eccl-

1309 2488 1396 2530 cap.
1424 2476 1483 2515 15.
1513 2474 1711 2530 epistolam
1733 2476 1962 2527 scripserunt
1981 2475 2163 2514 omnibus
2191 2476 2424 2528 ubicumque

1310 2539 1518 2569 terrarum
1557 2527 1734 2578 saffica,
1763 2529 1812 2570 <9-
1842 2527 2051 2567 catholicae
2080 2528 2277 2568 Ecclesiae
2303 2544 2423 2583 popu-

1311 2585 1378 2623 lis.
1407 2585 1457 2623 Et
1476 2584 1633 2637 quidem
1650 2583 1735 2635 jure
1756 2582 1825 2621 hoc
1846 2582 1918 2622 sibi
1940 2596 2081 2623 nomen
2101 2584 2292 2623 tribuebat
2308 2614 2319 2634 ,
2339 2595 2423 2624 tum

1310 2640 1402 2691 quia
1431 2637 1606 2688 eratjam
1628 2637 1835 2675 admodum
1865 2636 2022 2676 dilatata
2044 2668 2054 2685 ‚
2083 2647 2166 2676 tum
2187 2640 2300 2677 etiam
2330 2640 2424 2692 quia

1310 2693 1453 2732 divinis
1483 2690 1798 2744 promissionibus
1825 2699 1928 2729 certo
1957 2692 2152 2730 confidens
2169 2723 2182 2741 ,
2209 2705 2282 2732 non
2310 2693 2426 2732 dubi-

1311 2745 1414 2785 tabat
1437 2776 1447 2794 ,
1478 2759 1515 2784 se
1535 2761 1557 2784 a
1576 2744 1666 2784 solis
1692 2754 1776 2783 ortu
1806 2758 1926 2797 usque
1942 2745 1989 2783 ad
2009 2760 2189 2784 occasum
2206 2777 2216 2795 ,
2246 2747 2295 2786 ab
2315 2747 2425 2801 aqui-

1312 2799 1396 2839 lone
1414 2831 1424 2849 ,
1454 2799 1488 2837 &
1516 2800 1645 2848 mari,
1687 2797 1722 2835 8(
1752 2801 1792 2837 in
1821 2812 1955 2837 omnes
1994 2802 2152 2838 omnino
2180 2811 2308 2853 gentes
2348 2815 2426 2840 esse

1313 2852 1603 2894 diffundendam
1636 2853 1719 2905 (c).

1369 2906 1462 2948 566.
1491 2907 1626 2960 'Neque
1654 2906 1771 2945 etiam
1799 2905 2008 2960 quisquam
2037 2907 2196 2960 objiciat
2215 2919 2259 2948 ea
2280 2916 2426 2962 tempo=¹

1311 2974 1382 3011 ra,
1412 2963 1452 3000 in
1480 2961 1621 3014 quibus
1648 2973 1944 3013 nonnumquam
1973 2976 2011 3000 se
2030 2963 2125 3001 vidit
2144 2961 2318 3004 Ecclesia
2339 2976 2424 3016 pro-

1309 3025 1394 3070 pter
1414 3016 1580 3054 furentes
1597 3013 1759 3054 haereses
1774 3044 1785 3065 ,
1806 3013 1867 3054 vel
1888 3016 2054 3055 internas
2073 3017 2281 3057 discordias
2298 3048 2308 3067 ,
2339 3028 2423 3068 pto-

2292 3079 2375 3124 pter

1316 3152 1357 3185 (9⁴
1382 3151 1559 3184 mundaret
1583 3149 1652 3184 sibi
1674 3153 1829 3196 populum
1847 3153 2093 3197 acceptabilem
2118 3159 2250 3198 (graece
2263 3150 2426 3191 περι-ἴσην)

1316 3202 1513 3232 sellatorem
1536 3199 1691 3231 bonorum
1716 3211 1869 3242 operum.

1370 3250 1416 3284 (c)
1443 3245 1552 3278 Henr.
1578 3245 1715 3278 Valesis
1740 3246 1774 3278 in
1800 3255 1872 3279 not.
1901 3242 1941 3280 ad
1969 3258 2043 3292 cap.
2075 3254 2126 3279 10.
2154 3245 2228 3278 Lib.
2251 3244 2328 3276 Vn.
2355 3243 2424 3277 Hi-

1322 3300 1406 3326 stor.
1426 3291 1569 3326 Eccles.
1589 3288 1755 3333 Eusebii‚
1779 3289 1905 3337 probat
1922 3315 1931 3333 ‚
1957 3304 2143 3337 cognomen
2160 3288 2347 3323 Catholicae
2362 3292 2425 3324 tri-

1321 3338 1450 3373 butum
1473 3338 1640 3373 Ecclesiae
1666 3339 1772 3374 fuisse
1798 3341 1891 3373 circa
1919 3349 2058 3382 pruriunt
2085 3338 2325 3381 Apostolorum
2351 3349 2426 3371 sice-
