2564 3706
915 113 997 158 DE
1031 111 1312 158 UNtTATE
1346 110 1631 157 ECCESIAE
1652 143 1663 157 .

142 195 399 236 controversia
440 194 486 233 de
529 192 787 232 celebratione
833 194 1057 247 paschatis,
1106 206 1260 247 propter

142 264 263 303 quam
291 250 333 288 S.
364 247 496 286 vietor
536 247 648 286 Rom.
680 247 853 286 Pontifex
885 249 1023 287 multas
1054 250 1154 288 Astae
1185 249 1259 288 Ec·

139 302 275 342 clesias
303 318 326 340 a
353 317 421 341 sua
441 304 715 342 communione
737 303 952 341 rescindere
973 312 1126 355 paratus
1154 312 1260 352 erat,

141 356 214 394 nisi
244 356 348 408 pacis
377 368 566 410 sequester
586 357 626 396 S.
648 357 818 394 Irenaeus
845 371 920 394 sese
951 358 1260 409 interposuisset.

141 408 193 448 Et
221 423 447 464 quanquam
471 410 602 449 vietor
630 410 775 448 saeculo
804 410 852 448 ll.
883 410 928 448 ad
951 411 1069 448 linem
1100 425 1259 463 vergen—

137 469 176 501 te
204 465 446 515 regnaverit,
496 463 582 501 liaeo
612 473 739 502 tamen
783 465 1038 503 controversia
1069 464 1150 515 jam
1187 465 1260 503 snb

139 514 301 555 Aniceto
331 527 412 570 post
434 518 606 556 medium
629 517 763 556 saeculi
793 519 843 555 H.
873 526 999 555 exorta
1021 530 1099 555 erat
1116 544 1127 556 .
1158 517 1259 565 Quae

137 571 462 620 omniajndubia
499 581 586 610 sunt
615 581 860 616 monumenta
905 572 1027 608 mutui
1059 573 1156 610 inter
1186 572 1260 610 Ec-

137 622 277 663 clesias
306 627 529 664 commercii
560 627 674 664 etiam
705 635 790 664 ante
819 625 1007 663 saeculum
1039 626 1104 663 ΙΙΙ.

192 679 290 730 275.
319 678 368 716 Et
398 693 489 718 sane
518 693 607 718 cum
637 680 811 717 Christus
843 680 1030 717 Dominus
1072 681 1261 718 unitatem

136 731 215 770 suis
242 732 445 784 discipulis
475 732 662 784 majorem
706 735 745 771 in
774 734 931 770 modum
968 735 1260 771 commendave-

138 785 217 833 rit,
255 784 290 822 &
319 785 409 824 cum
439 801 558 826 sacrae
588 787 726 825 litterae
757 787 865 824 nobis
892 785 1096 825 exhibeant
1124 786 1260 825 Eccle-

136 839 235 876 siam
265 854 288 878 a
306 838 459 879 Christo
488 841 690 880 fundatam
720 849 902 893 tanquam
927 854 1046 878 unum
1078 854 1258 892 regnum,

137 904 263 931 unum
291 893 420 943 ovile,
451 908 572 934 unum
603 894 792 947 populum
810 924 822 941 ,
871 893 1055 932 &.unum
1085 907 1224 945 corpus
1247 923 1257 940 ‚

135 943 218 997 jam
249 945 320 986 hoc
349 949 432 1000 ipso
462 951 550 988 satis
580 949 805 999 indigitatur
825 976 837 994 ‚
868 948 908 984 in
937 960 979 983 ea
1009 946 1058 998 ab
1088 948 1173 997 ipso
1201 947 1262 984 sui

134 1000 291 1039 exordio
319 1015 471 1054 semper
500 1002 694 1054 viguisse,
741 1000 775 1035 8<
806 1001 935 1048 vigere
963 999 1141 1036 debuisse
1178 1007 1260 1037 tum

135 1054 606 1103 internamiauimorum,
649 1062 730 1090 tum
760 1052 877 1089 etiam
906 1059 1104 1090 externam
1135 1065 1257 1089 mem-

130 1105 294 1147 brorum
325 1108 610 1160 colligationem
628 1135 639 1154 ,
669 1105 705 1142 δι
735 1105 944 1153 unitatem,
974 1114 1088 1157 atque
1116 1104 1256 1144 Eccle-

133 1161 201 1199 siae
221 1191 232 1209 ,
262 1174 351 1213 qnae
381 1160 630 1213 sequentibus
657 1158 899 1212 temporibus
934 1167 1011 1196 toto
1038 1159 1132 1196 orbe
1163 1172 1255 1197 con-

129 1213 416 1264 gregabantur,
446 1215 524 1252 suis
553 1213 808 1261 matricibus,
846 1227 867 1250 a
896 1211 1042 1265 quibus
1069 1213 1256 1264 originem

131 1265 362 1316 trahebant,
392 1267 510 1306 fuisse
539 1266 732 1318 subjestas
749 1296 760 1315 ,
803 1267 984 1318 ipsasque
1012 1267 1191 1305 matrices
1214 1280 1257 1304 u-

130 1333 225 1358 nam
268 1321 512 1372 praecipuam
555 1321 754 1373 agnovisse
771 1329 788 1369 ‚'
831 1319 978 1358 scilicet
1009 1319 1250 1369 Romanam,

129 1387 250 1425 quam
279 1374 321 1412 S.
351 1373 484 1413 Petrus
527 1373 798 1427 Apostolorum
841 1372 1028 1426 Princeps
1073 1375 1252 1412 omnium

131 1435 297 1465 matrem
325 1427 361 1464 &
391 1425 613 1480 magistram
641 1440 722 1466 esse
750 1426 900 1476 voluit,
948 1428 1043 1466 dum
1080 1440 1167 1467 eam
1195 1428 1256 1466 sui

129 1481 321 1532 primatus
350 1481 544 1521 haeredem
575 1481 756 1533 reliquit:
787 1480 820 1517 ἃ
841 1481 887 1519 ad
917 1495 1037 1534 quam
1054 1490 1254 1535 propterea

131 1542 174 1571 ut
192 1534 232 1572 S.
257 1535 424 1574 Irenaeus
445 1535 616 1589 loquitur
631 1535 720 1575 Lib.
738 1536 789 1573 ΙΙ.
819 1544 947 1577 contr.
964 1534 1144 1581 Izoe'reses
1164 1549 1252 1587 cap.

130 1587 171 1626 5.
199 1597 357 1637 propter
383 1593 650 1640 potentiorem
679 1589 1022 1639 principalitatem
1039 1620 1050 1639 ,
1087 1602 1254 1628 necesse

130 1649 192 1679 est
219 1655 384 1680 omnem
414 1646 624 1681 convenire
653 1642 917 1690 Ecclesiam,
965 1642 1036 1680 7200
1066 1652 1125 1681 esi
1155 1656 1250 1692 eos,

126 1699 194 1746 qui
221 1704 313 1733 sunt
342 1696 512 1748 undique
529 1695 709 1748 fideles.
739 1696 787 1735 Et
812 1696 857 1735 S.
886 1697 1132 1749 Cyprianus:
1163 1696 1251 1734 Pri-

125 1758 293 1799 ηιατυς,
335 1751 417 1799 ait,
467 1749 582 1788 Petro
612 1748 733 1787 datur
750 1755 782 1798 ‚'
809 1758 851 1787 ut
879 1763 963 1788 una
991 1750 1138 1789 Christi·
1166 1749 1249 1789 Ec-

123 1802 279 1850 clesia,
310 1803 359 1844 <9-
390 1803 587 1841 cathedra
615 1816 700 1841 una
729 1812 1031 1843 monstrentur.

181 1856 273 1906 274.
304 1856 541 1910 Quanquam
561 1870 650 1896 vero
677 1857 886 1910 disciplina
906 1858 1022 1896 fuerit
1052 1858 1091 1897 in
1120 1858 1247 1898 diver-

122 1908 176 1947 sis
205 1909 392 1949 Ecclesiis
420 1912 598 1959 diversa,
647 1924 719 1950 non
749 1920 876 1949 tamen
919 1912 1009 1950 inde
1037 1913 1212 1965 sequitur
1233 1942 1245 1962 ,

114 1961 318 2000 'Ecclesias
348 1965 447 2016 ipsas
466 1964 581 2002 fuisse
610 1979 632 2003 a
661 1978 699 2002 se
718 1965 888 2012 divisas,
919 1964 953 2001 8<
983 1966 1246 2019 independew

123 2022 204 2062 ἕως
252 2028 342 2054 nam
371 2018 485 2054 etiam
518 2016 661 2055 saecnlo
690 2018 758 2054 Ill.
788 2016 822 2052 8<
851 2018 1127 2069 sequentibus,
1148 2012 1245 2054 'imo

123 2067 159 2104 &
189 2068 302 2106 modo
342 2068 548 2121 disciplina
578 2069 726 2108 alicubi
770 2069 880 2108 varia
910 2078 963 2107 est
991 2069 1026 2106 ἃ
1056 2070 1210 2109 diversa
1231 2100 1243 2119 ,

122 2123 250 2160 unitas
266 2130 394 2166 tamen
414 2122 505 2161 fidei
524 2152 535 2172 ,
565 2121 600 2159 ἃ
621 2123 818 2175 regiminis
838 2122 1022 2161 inviolata
1041 2132 1243 2163 servatur.

179 2176 271 2227 275.
302 2174 508 2228 Multoque
537 2177 666 2213 minus
686 2175 779 2213 huic
811 2176 945 2213 unitati
966 2175 1104 2219 obsunt
1132 2190 1242 2227 quae-

121 2228 212 2267 dam
241 2228 471 2280 corruptelae
493 2229 533 2266 in
562 2228 762 2276 moribus,
792 2242 882 2280 quae
904 2227 1050 2265 alicubi
1081 2227 1244 2268 toleran-

119 2290 184 2325 tur
212 2282 273 2322 vel
304 2282 532 2335 negligentia
554 2280 783 2329 Pastorum,
815 2280 875 2319 vel
905 2281 953 2319 ad
982 2280 1132 2333 majora
1162 2297 1245 2321 ma·

120 2334 162 2374 la
192 2336 466 2388 impedienda.
508 2333 610 2372 Nam
640 2341 740 2373 certe
761 2335 909 2386 primae
941 2333 1024 2373 illae
1056 2335 1243 2374 Ecclesiae

122 2388 357 2439 Pergamena
373 2418 384 2436 ,
413 2387 700 2426 Corinthiorum
718 2418 729 2437 ,
758 2389 793 2426 δε
813 2387 1044 2427 Galatarum
1074 2389 1124 2428 ab
1142 2390 1245 2442 Apo-

121 2440 305 2479 stolorum
321 2440 542 2480 auetoritate
558 2442 797 2493 pendebant:
827 2443 969 2481 scimus
991 2451 1116 2482 tamen
1131 2457 1245 2496 quos-

120 2494 212 2533 dam
242 2496 358 2533 etiam
390 2495 510 2534 in'eis
537 2496 734 2548 irrepsisse
762 2496 933 2545 abusus,
962 2509 1056 2549 quos
1085 2497 1245 2550 Aposto-

122 2547 154 2587 li
185 2548 256 2599 ipsi
287 2550 484 2588 eradicare
513 2549 730 2588 curabant.
1029 2568 1031 2570 ·

178 2601 272 2654 276.
301 2602 416 2653 Quod
445 2612 573 2643 autem
591 2602 704 2643 nulla
732 2603 869 2656 primis
898 2603 979 2643 illis
1005 2604 1244 2658 temporibus

121 2709 280 2742 Soterem
296 2709 397 2742 Rom.
418 2708 545 2743 Pontif.
570 2707 696 2742 directa
723 2717 824 2750 erat,
849 2711 881 2741 &
906 2709 942 2742 in
968 2720 1038 2752 quo
1054 2707 1241 2743 beneficio-

120 2766 201 2789 rum
227 2755 271 2789 ab
297 2755 456 2789 Ecclesia
482 2756 640 2790 Romana
668 2756 831 2801 plurimis
868 2756 946 2789 aliis
972 2755 1142 2796 Ecclesiis
1169 2758 1241 2790 col-

119 2802 278 2836 latorum
304 2803 476 2847 praeclara
499 2801 538 2836 fit
565 2804 718 2836 mentio.
756 2803 948 2847 Dionysius
974 2810 1091 2834 autem
1119 2802 1240 2838 floruit

120 2847 238 2886 medio
263 2850 348 2882 Saec.
375 2850 418 2882 ll.
457 2851 489 2881 &
514 2858 595 2883 ante
622 2849 836 2895 Dionysium
870 2850 904 2882 S.
931 2849 1088 2892 ignatius
1111 2849 1239 2883 Antio-

119 2894 271 2930 chenam
299 2895 441 2941 regebat
469 2896 662 2930 Ecclesiam
691 2909 747 2929 an.
777 2908 853 2941 ¹07·
878 2895 1054 2939 martyrio
1091 2897 1240 2930 corona-

119 2947 200 2974 tus.
244 2943 385 2987 Septem
411 2939 525 2976 adhuc
562 2952 750 2988 supersunt
785 2941 944 2988 ejusdem
970 2942 1080 2975 Sancti
1108 2944 1235 2987 ignatii

119 2987 278 3031 epistolae
314 2988 423 3021 variis
450 2988 620 3022 Ecclesiis
656 2990 861 3036 inscriptas,
895 3001 982 3034 quas
1009 2989 1155 3022 Vossius
1191 3003 1234 3025 ex

121 3033 241 3068 codice
266 3034 470 3069 Florentino
494 3046 606 3079 graece
632 3035 741 3070 edidit
767 3049 836 3071 una
865 3044 1012 3080 excepta
1037 3034 1079 3068 ad
1105 3037 1236 3071 Roma-

119 3092 210 3122 nos,
246 3092 354 3126 quam
379 3079 573 3126 diligentiae
599 3081 809 3118 Theodorici
835 3079 1018 3118 Ruinartii
1040 3081 1234 3125 debemus,

119 3136 262 3161 erutam
287 3140 329 3162 ex
357 3126 485 3163 Codice
512 3128 738 3163 Bihnothecae
763 3131 996 3165 Colbertinae.
1024 3129 1087 3162 His
1115 3139 1250 3164 autem.

119 3170 256 3209 duobus
282 3174 462 3220 antiquior
487 3183 540 3208 est
560 3175 720 3209 Clemens
735 3176 913 3211 Romanus
933 3189 1014 3210 ann.
1034 3187 1110 3212 102·
1140 3178 1237 3210 Mar-

119 3222 384 3267 tyriirgloriam
407 3230 636 3255 consecutus.
663 3223 764 3256 Hunc
790 3224 965 3257 Corinthii
992 3224 1026 3255 in
1048 3235 1152 3257 causa
1179 3236 1236 3257 re-

118 3265 260 3310 ligionis
287 3268 538 3302 consuluerunt
554 3291 562 3300 .
592 3268 635 3301 lis
660 3277 776 3302 autem
804 3269 983 3314 respondit
1008 3270 1233 3305 beatissimus

120 3312 286 3348 Pontifex
311 3327 351 3348 ea
376 3315 548 3360 epistola,
573 3327 680 3360 quam
705 3315 818 3350 adhuc
845 3329 906 3349 suo
930 3326 1087 3362 tempore
1103 3318 1137 3350 in
1157 3320 1233 3362 plu-

120 3359 222 3398 ribus
245 3360 415 3398 Ecclesiis
438 3362 753 3410 legi‚consuevisse
779 3370 930 3399 testatur
954 3364 1126 3400 Eusebius
1153 3365 1232 3401 Lib.

2295 135 2382 177 219

1326 194 1494 232 sciamus
1522 192 1713 230 celebrata
1743 193 1858 232 fnisse
1887 193 2063 235 Concilia
2081 225 2093 245 ,
2140 196 2179 236 id
2209 198 2351 250 partim
2383 198 2444 237 fu—

1328 247 1405 284 rori
1436 246 1746 298 persecutionum
1790 248 1935 299 ubique
1979 250 2057 288 fere
2086 252 2332 291 saevientium
2377 254 2444 291 tri-

1328 300 1527 339 buendum
1558 309 1637 346 est,
1667 300 1810 349 partim
1843 302 1928 338 aliis
1957 306 2109 353 causis,
2153 306 2355 357 praecipue
2384 319 2448 344 ve-

1328 367 1371 392 ro
1388 385 1398 402 ,
1429 353 1531 408 quod
1562 353 1703 390 recenti
1733 350 1859 391 adbuc
1880 355 2083 404 apostolica
2111 358 2310 396 traditione
2332 358 2448 398 facile

1328 417 1479 460 possent
1507 406 1677 455 abusus,
1700 405 1742 442 ’δι
1763 418 1907 463 errores
1937 422 1959 444 a
1989 410 2144 460 singulis
2163 412 2367 465 Episcopis
2389 426 2448 451 re-

1327 464 1475 508 secari3
1515 460 1626 499 nulla
1654 468 1782 498 autem
1813 460 1957 497 ratione
1987 461 2024 498 id
2054 463 2218 503 adscribi
2249 466 2361 505 debet
2390 479 2448 504 so-

1328 516 1516 568 parationi
1535 545 1545 562 ‚
1575 514 1635 552 vel
1665 513 1971 566 independentiae
2001 512 2263 555 Ecclesiarum
2284 545 2294 557 .

1384 583 1476 621 277.
1507 568 1741 606 Postremum
1759 567 1805 604 de
1826 566 2164 619 Archiepiscopis,
2193 570 2446 621 primatibus,

1328 622 1361 659 ἃ
1391 622 1622 661 Patriarcliis
1652 621 1890 660 levissimum
1920 630 2000 659 est.
2029 621 2144 658 Haud
2165 625 2267 660 enixu
2299 626 2447 664 inficia-

1331 691 1447 725 rnur,
1497 677 1612 714 fuisse
1642 675 1774 727 aliqua
1806 676 1845 712 in
1875 675 2001 712 forma
2029 676 2227 726 regiminis
2256 677 2446 717 Ecclesia—

1329 733 1412 768 stici
1443 729 1717 783 posterioribus
1747 729 1987 780 temporibus
2023 730 2244 767 necessitate
2279 732 2448 782 quadam

1328 784 1368 821 id
1397 784 1611 836 postulante
1632 792 1776 821 mutata
1794 813 1806 832 ,
1835 783 1896 820 vel
1926 783 1972 820 de
1991 794 2091 820 novo
2110 785 2329 822 constituta.
2359 786 2448 822 Cre-

1327 847 1449 874 scente
1478 840 1580 876 enizn
1611 837 1788 875 fidelium
1832 835 2108 885 multitudine,
2155 838 2343 890 novisque
2372 838 2447 877 Ec-

1327 885 1454 928 clesiis
1482 891 1641 939 ereffis,
1672 904 1822 929 necesse
1852 890 1926 928 suit
1956 891 2003 928 ad
2033 891 2294 930 confusionem
2324 893 2447 931 vitan-

1327 943 1418 980 dam
1462 954 1584 984 certas
1611 944 1795 982 dioeceses
1836 944 2039 992 dividere,
2087 944 2122 981 8<
2158 945 2446 995 determinare,

1328 1005 1442 1048 atque
1472 999 1512 1036 jn
1544 999 1634 1050 ipsis
1663 997 1897 1036 dioec'esibus
1926 997 2095 1036 Pastores
2123 999 2316 1037 inferioris
2344 1000 2447 1038 ordi-

1329 1051 1387 1088 uis
1419 1052 1485 1088 uni
1515 1051 1736 1103 Episcopo,
1785 1052 1997 1103 Episcopos
2027 1065 2116 1090 vero
2146 1054 2222 1090 suis
2251 1052 2450 1105 Metropo-

1324 1102 1431 1150 litis,
1463 1103 1726 1152 primatibus,
1756 1119 1801 1142 ac
1831 1104 2063 1143 Patriarchis
2091 1105 2309 1157 subjicere.
2348 1106 2446 1145 Haec

1323 1165 1452 1195 tamen
1501 1166 1668 1196 veterem
1698 1157 1961 1195 Ecclesiastici
2008 1160 2208 1209 regiminis
2243 1162 2444 1198 essentiam

1325 1212 1489 1248 mininie
1519 1207 1777 1259 sustulerunt,
1821 1224 1898 1264 qna
1926 1224 2077 1263 semper
2105 1221 2260 1250 cautum
2292 1214 2414 1256 [uerat
2435 1244 2446 1262 ,

1326 1273 1365 1300 ut
1399 1277 1487 1302 oves
1517 1263 1738 1302 Pastoribus
1756 1294 1766 1312 ,
1796 1264 1831 1301 8(
1863 1263 2031 1302 Pastores
2058 1265 2133 1316 ipsi
2163 1270 2343 1316 su'premo
2371 1267 2447 1305 Ec-

1322 1315 1452 1355 clesiae
1483 1319 1600 1369 capiti
1624 1318 1795 1356 debitam
1822 1326 2047 1370 praestarent
2067 1318 2347 1358 obedientiam.
2377 1321 2448 1358 Ce-

1321 1379 1446 1409 terum
1476 1373 1658 1424 quamvis
1700 1372 1858 1409 nomina
1889 1369 2284 1423 Arclztepiscoporum
2306 1403 2316 1421 ‚
2362 1372 2448 1421 Pri-

1322 1434 1482 1462 matum
1500 1456 1511 1474 ,
1554 1425 1604 1466 ἐν
1634 1424 1970 1463 Patriam-charum
2000 1425 2144 1464 fuerint
2174 1427 2211 1464 in
2241 1427 2444 1478 primitiva.

1320 1478 1498 1518 Ecclesia
1529 1480 1728 1528 inaudita,
1759 1493 1815 1524 res
1846 1489 1974 1517 tamen
1997 1480 2120 1530 ipsae,
2150 1494 2239 1533 quae
2272 1481 2350 1518 istis
2379 1494 2445 1520 no-

1321 1532 1496 1571 minibus
1523 1533 1791 1585 significantur
1808 1564 1818 1582 ,
1848 1534 1981 1586 aliqua
2002 1535 2147 1571 ratione
2175 1533 2442 1573 obtinuerunt:

1320 1596 1598 1627 consueverunt
1640 1589 1744 1626 enim
1775 1601 1925 1640 semper
1956 1584 2169 1635 Ecclesiae,
2217 1602 2307 1640 quae
2343 1587 2442 1626 filiae

1320 1650 1456 1689 eraut,
1499 1643 1576 1679 suis
1607 1641 1834 1680 matricibus
1863 1641 2038 1679 debitum
2068 1640 2282 1692 honorem,
2327 1651 2444 1696 atque

1318 1696 1436 1733 etiam
1465 1694 1729 1737 obedientiam
1758 1696 1909 1733 deferre
1939 1695 2005 1747 (a)
2023 1721 2035 1733 .

1375 1748 1467 1800 278.
1499 1749 1642 1788 Dices.
1690 1749 1771 1788 Nec
1801 1749 1918 1787 etiam
1960 1749 2073 1786 modo
2102 1757 2155 1788 est
2195 1750 2236 1788 in
2266 1749 2443 1791 Ecclesia.

1318 1800 1490 1841 Romana
1517 1803 1718 1842 decantata
1747 1802 1817 1842 illa
1845 1802 2027 1841 doctrinae
2058 1802 2091 1839 8(
2122 1804 2320 1855 regiminis
2357 1805 2442 1843 uni-

1316 1863 1398 1902 tas3
1445 1871 1537 1894 nam
1568 1857 1696 1907 primo
1737 1858 1836 1895 mira
1866 1865 1919 1894 est
1961 1858 2002 1895 in
2031 1857 2150 1895 variis
2185 1857 2405 1896 nationibus
2427 1887 2440 1907 ,

1314 1911 1515 1962 praecipue
1544 1920 1672 1948 autem
1702 1911 1806 1961 apud
1822 1911 1982 1948 Graecos
2009 1909 2227 1962 disciplinas
2249 1912 2410 1949 varietas
2427 1941 2439 1960 ‚

1313 1962 1348 1998 8<
1377 1965 1568 2013 oppositio
1584 1993 1595 2010 ,
1625 1962 1834 2015 &quidem
1865 1964 1903 2001 iu
1926 1963 2038 2001 rebus
2058 1964 2245 2015 gravioris
2265 1977 2439 2003 momen-

1313 2016 1342 2052 ti
1360 2044 1371 2062 ,
1423 2023 1462 2052 ut
1480 2016 1533 2067 ⁴5¹¹
1563 2015 1746 2054 caelibatu
1775 2017 2018 2055 Clericorum
2036 2046 2047 2065 ,
2088 2017 2127 2064 in
2156 2019 2441 2061 consecratione

1312 2069 1424 2120 panis
1454 2069 1612 2120 azymi,
1642 2069 1704 2109 vel
1736 2071 1978 2118 fermentati,
2018 2071 2057 2108 in
2088 2069 2276 2110 solutione
2304 2074 2440 2111 matri-

1312 2122 1433 2158 monii
1463 2130 1620 2173 propter
1647 2121 1911 2162 adulterium.
1959 2123 2136 2160 Secundo
2180 2125 2219 2162 in
2250 2125 2333 2177 ipsit
2362 2126 2438 2164 Ec-

1311 2173 1429 2213 clesia
1450 2175 1589 2213 Latina
1619 2175 1665 2212 de
1687 2174 1850 2213 Romani
1870 2175 2067 2214 Pontificis
2096 2175 2315 2215 auetoritate
2343 2187 2438 2231 quot

1311 2236 1395 2264 sunt
1423 2227 1655 2267 discordiae!
1702 2227 1783 2268 Alii
1811 2242 1902 2267 eum
1949 2228 2204 2269 infallibilem
2234 2245 2311 2269 esse
2359 2232 2436 2272 sibi

1313 2281 1569 2334 persuadent,
1612 2280 1687 2334 alii·
1710 2291 1840 2320 contra
1861 2282 1997 2336 'ipsum
2030 2282 2238 2322 fallibilem
2269 2284 2402 2324 volunt
2421 2311 2435 2326 ι

1313 2333 1394 2373 Alii
1423 2332 1536 2373 illum
1566 2337 1803 2387 superiorem
1835 2337 1984 2375 faciunt
2003 2336 2189 2375 Conciliis
2219 2341 2434 2378 oecumeni-

1312 2389 1368 2425 cis
1385 2418 1396 2435 ,
1426 2387 1495 2427 alii
1517 2389 1743 2434 inferiorem
1762 2419 1772 2437 ,
1803 2389 1836 2426 ἃ
1851 2389 2067 2443 subjeetum
2087 2417 2097 2430 .
2128 2390 2205 2429 Alii
2224 2393 2342 2444 ipsius
2361 2407 2431 2432 au-

1313 2440 1526 2481 {toritatem
1575 2441 1688 2482 arffis
1716 2444 1930 2493 admodum.
1956 2444 2146 2482 limitibus
2186 2446 2434 2486 circumscri-

1311 2494 1437 2544 bunt,
1469 2505 1507 2534 ut
1536 2496 1672 2544 Galli3
1719 2496 1786 2537 alii
1816 2497 2044 2546 latioribus3
2079 2499 2242 2552 qnidam
2270 2500 2431 2541 demum

1313 2548 1431 2588 nullis
1460 2552 1617 2590 omnino
1636 2577 1647 2589 .
2408 2574 2410 2578 ν

1368 2616 1462 2656 279.
1493 2603 1606 2658 Resp.
1636 2606 1836 2646 varietates
1864 2605 2083 2661 disciplinae
2101 2636 2114 2656 ,
2159 2621 2249 2660 quae
2278 2621 2431 2661 semper

2334 2676 2370 2701 m

1309 2710 1371 2743 lli.
1397 2708 1497 2743 Hist.
1524 2708 1626 2744 Eccl.
1655 2722 1730 2756 cap.
1762 2711 1814 2743 16.
1842 2712 2057 2746 Consulatur
2080 2713 2136 2746 Jo.
2161 2711 2262 2758 Bapt.
2288 2713 2429 2748 Cotele·

1309 2757 1383 2789 rius
1410 2756 1445 2788 in
1472 2756 1631 2790 Patribus
1656 2759 1900 2802 Apostolicis.

1352 2807 1401 2842 (a)
1428 2802 1501 2836 Nec
1539 2804 1686 2837 refutari
1722 2813 1881 2838 meretur
1907 2805 2103 2847 Calvinus,
2139 2805 2224 2840 (lum
2252 2805 2330 2841 Lib.
2358 2806 2422 2840 IV.

1305 2848 1424 2882 Insui.
1453 2850 1588 2883 Christ.
1614 2851 1730 2897 Relig.
1759 2863 1834 2897 cap.
1865 2854 1917 2885 13.
1946 2864 1979 2883 n.
2011 2853 2062 2894 14.
2098 2853 2267 2887 Ecclesiae
2293 2861 2424 2887 nostra:

1304 2897 1478 2930 unitatem
1504 2897 1696 2931 abscissam
1722 2910 1795 2932 esse
1821 2899 1975 2939 clamat,
2002 2912 2043 2934 ex
2069 2913 2139 2945 quo
2162 2899 2302 2934 ordines
2326 2901 2426 2934 Reli·

1303 2944 1390 2988 giosi
1420 2943 1574 2977 instituti
1603 2945 1721 2978 fuere:
1750 2948 1780 2978 δι
1806 2946 1959 2980 scribere
1984 2958 2052 2980 non
2080 2956 2131 2981 est
2157 2948 2317 2986 veritus,
2345 2954 2424 2992 quot

1305 2998 1381 3023 sunt
1407 2989 1515 3024 hodie
1539 2991 1784 3032 Monaseeria‚
1824 3001 1875 3026 tot
1901 3007 1980 3027 esse
2019 2994 2316 3028 schi·smaricorum
2341 3006 2422 3027 con-

1303 3039 1474 3071 venticula
1490 3061 1498 3068 .
1531 3038 1600 3071 Ubi
1626 3039 1734 3073 etiam
1758 3049 1993 3084 opportunam
2016 3041 2234 3075 occasionem
2260 3041 2419 3079 invenit,

1303 3084 1438 3129 integra
1466 3083 1679 3129 injuriarum
1707 3087 1863 3131 plaustra
1881 3099 1952 3132 -pro
1969 3100 2065 3127 more,
2092 3100 2178 3129 suo,
2205 3092 2236 3120 3<
2260 3087 2416 3119 omnium

1302 3130 1551 3164 haereticorum
1577 3132 1612 3164 in
1640 3133 1831 3167 monachos
1857 3134 2094 3168 exonerandi.
2120 3135 2228 3178 Quasi
2255 3143 2335 3165 vero
2353 3133 2416 3175 qui

1302 3179 1413 3211 vitam
1439 3179 1673 3212 Monostimin
1699 3181 1931 3225 profitentur,
1958 3182 2029 3215 sint
2056 3182 2098 3215 ab
2124 3180 2269 3214 unitatis
2294 3186 2416 3212 centro

1301 3222 1433 3265 divisi,
1471 3228 1501 3257 &
1527 3237 1594 3267 non
1623 3227 1737 3271 potius
1764 3228 1968 3262 arctioribus
1994 3229 2145 3261 vinculis
2177 3226 2286 3259 eidem
2313 3224 2414 3257 colli-

1302 3272 1400 3315 gati3
1427 3274 1460 3304 δι
1477 3273 1575 3315 (ιη-ἰεῦ
1597 3271 1842 3308 haereticorum
1862 3274 2040 3309 maledieta
2061 3287 2126 3307 non
2148 3271 2269 3306 cedant
2290 3271 2323 3303 in
2338 3282 2413 3305 ma-

1299 3318 1414 3364 jorem
1439 3317 1696 3353 Monacliorum
1721 3321 1896 3367 gloriam,
1919 3321 2024 3368 juxta
2050 3318 2161 3356 illud:
2190 3321 2375 3364 vituperari
2392 3330 2414 3353 a

1300 3367 1430 3408 malis,
1454 3367 1590 3402 tamtan·
1615 3375 1691 3404 est.
