2564 3706
191 119 274 163 250

126 205 177 235 sto
206 203 291 234 sunt
320 191 534 231 testimonia
575 195 664 230 ante
692 188 854 243 Papiam
872 219 882 238 ‚
931 198 971 228 ut
1000 188 1233 233 Clementis,

126 251 158 286 ὅ(
183 249 344 298 lgn'atii3
376 261 442 285 nec
474 245 683 283 verisimile
711 255 794 293 est,
825 244 919 284 alios
949 244 1170 296 posteriores
1193 252 1234 276 u-

123 304 164 341 ni
197 302 323 353 Papiae
356 302 508 338 innixos
540 300 675 338 fuisse.

179 356 244 392 51.
276 354 418 393 Dices.
448 353 527 392 Nec
556 352 759 401 Clemens,
789 365 856 390 nec
887 350 1052 402 ignatius
1080 345 1234 383 Petrum

127 407 258 447 Roma*
292 410 405 446 fuisse
426 408 602 454 tradunt3
631 420 721 445 nam
745 407 890 458 primus
911 411 1055 440 tantum
1073 398 1236 436 Petrum

125 472 357 515 martyrem
387 460 571 511 effeffum
601 460 656 499 αεὶ
685 459 852 498 <lebnam
871 457 1011 507 glorlae
1040 454 1169 491 locum
1191 465 1236 489 a·

125 516 267 565 hiis-se,
304 517 422 555 dicit.
469 515 636 554 Alterius
667 527 755 552 vero
783 509 940 563 epistola
969 509 1016 547 ad
1047 506 1238 545 Romanos

124 570 186 611 vel
217 570 441 623 apocrvplia
472 578 553 617 est,
584 567 644 605 vel
674 565 806 604 saltem
836 563 984 601 dubia.

179 623 245 663 82.
278 618 390 676 Hesp.
419 623 654 662 Clementem
685 621 741 658 sin
771 619 900 655 minus
929 627 1134 669 expresse,
1165 613 1239 651 irn-

121 678 257 730 plicite
279 679 409 716 saltem
429 707 438 725 ,
470 677 502 712 ὅ(
523 676 610 712 satis
632 674 832 726 perspicue
863 673 1025 708 innuere
1043 699 1053 717 ‚
1083 667 1237 705 Petrum

126 732 260 770 Romae
292 733 407 769 fuisse
438 738 648 780 martyrem
691 724 896 771 effectuum
941 723 996 761 ibi
1026 723 1128 759 enim
1159 734 1239 759 me-

126 795 251 825 morat
280 798 362 833 eos,
392 785 460 835 qui
490 791 659 820 recenter
687 782 728 818 iu
759 779 854 817 urbe
884 791 953 831 pro
982 776 1134 815 Christo
1153 789 1241 813 sau=

125 842 283 892 guinem
304 839 506 883 fuderant,
537 836 633 874 inter
663 847 723 871 eos
745 842 872 871 autem
894 830 1059 870 Paulum
1076 860 1086 878 ,
1117 829 1151 865 8<
1171 826 1240 865 Pe-

123 903 256 941 trum,
298 891 514 930 Danaidem
533 919 543 936 ‚
586 902 630 927 ac
660 888 848 933 Dircem3
891 885 989 923 unde
1018 883 1240 936 colligitur,

127 946 162 984 &
192 946 344 984 Petrum
375 945 488 982 fuisse
512 941 643 980 Romae
677 955 830 994 passum
852 965 862 977 .
892 940 934 978 Id
957 940 1095 978 fatetur
1125 940 1242 976 etiam

125 1000 332 1052 Basuagius
364 1001 379 1050 (
409 998 456 1036 ad
486 1012 523 1035 n.
547 996 613 1043 64.
644 1010 683 1034 n.
705 1009 744 1048 9.
775 995 819 1045 ).
862 993 1076 1046 Epistolam
1114 1002 1242 1030 autem

125 1054 166 1092 S.
196 1054 359 1106 ignatii,
390 1065 479 1104 quae
510 1050 625 1089 simul
655 1065 745 1088 cum
777 1049 863 1087 aliis
884 1064 905 1086 a
925 1047 1085 1094 Vmsio,
1116 1046 1150 1082 ἃ
1172 1045 1243 1083 Us=⁵

125 1109 223 1146 serio
252 1108 352 1145 edita
382 1107 455 1144 fuit
477 1135 489 1154 ,
531 1105 741 1157 genuinam
770 1117 848 1142 esse
869 1131 881 1151 ,
918 1110 1018 1140 tenet
1053 1101 1181 1149 bona,
1210 1099 1246 1135 8<

124 1161 261 1201 melior
289 1160 520 1199 Criticorum
553 1172 640 1211 pars
670 1158 757 1208 (a).

182 1213 248 1253 83.
279 1213 372 1265 Obj.
394 1213 434 1259 4.
463 1213 803 1264 Supervacaneum
834 1217 940 1255 erat,
969 1208 1049 1244 imo
1068 1204 1247 1256 dignitati

125 1268 227 1307 Petri
256 1267 370 1320 piane
408 1265 668 1312 iniuriosum,
712 1277 801 1300 eum
845 1261 963 1300 alicui
994 1257 1246 1310 Episcopatui

127 1321 307 1374 alligari.
350 1314 456 1358 Nam
481 1318 610 1356 Petrus
640 1317 783 1354 ratione
814 1312 1056 1366 Apostolatus
1100 1318 1246 1363 poterat

129 1376 277 1427 ubique
307 1383 495 1412 terrarum
537 1371 667 1408 onmia
697 1366 946 1421 Episcopalia
987 1367 1120 1403 munia
1165 1364 1246 1417 ple-

127 1430 281 1466 nissime
311 1437 508 1464 exercere:
556 1436 841 1476 supervacanee
885 1422 1001 1473 igitur
1041 1420 1156 1457 fuisse
1187 1417 1246 1457 illi

128 1482 291 1520 Romani
313 1480 565 1532 Episcopatus
586 1478 748 1530 dignitas
768 1474 1013 1528 superaddita
1031 1499 1041 1511 .
1074 1471 1246 1510 Ulterius

125 1536 285 1587 dignitas
315 1532 555 1586 Episcopalis
584 1545 675 1570 cum
706 1528 925 1584 Apostolica
967 1536 1136 1581 pugnat3
1185 1525 1246 1565 illi

125 1591 230 1628 enim
263 1587 466 1641 peculiaris
498 1588 607 1624 unius
636 1584 822 1624 Ecclesiae
861 1597 954 1622 cura
998 1581 1245 1620 commenda-

126 1652 214 1692 tur,
256 1643 314 1681 isti
345 1641 561 1680 sollicitudo
589 1640 765 1677 omnium
796 1636 1061 1676 Ecclesiarum
1093 1637 1248 1673 incum-

127 1698 211 1744 bit3
243 1695 442 1749 Apostolus
471 1710 493 1732 a
524 1695 718 1741 Domino,
751 1691 966 1745 Episcopus
995 1689 1044 1728 ab
1076 1688 1247 1727 homini-

130 1751 204 1790 bus
232 1750 508 1794 constituitur3
551 1760 625 1786 non
655 1750 786 1800 itaque
816 1748 895 1784 sine
928 1742 1159 1797 Apostolicae
1189 1744 1248 1781 di-

128 1806 280 1857 gnitatis
309 1803 455 1855 injuria
483 1801 614 1839 Petrus
647 1800 904 1838 Romanorum
935 1798 1150 1851 Episcopus
1181 1813 1249 1849 ap-

129 1858 266 1910 pellari
285 1867 421 1910 potest.
440 1857 540 1895 Hinc
557 1855 771 1894 S.Joannes
787 1852 1080 1906 Clirysostomus
1099 1855 1111 1901 (
1131 1851 1248 1890 Hom.

131 1910 201 1962 37.
232 1910 281 1948 T.
303 1910 406 1948 VIII.
437 1924 476 1961 p.
501 1910 591 1960 527.
623 1909 712 1950 edit.
742 1906 911 1954 Maur.)
943 1907 1062 1953 dicit,
1093 1906 1250 1943 Petrum

133 1978 209 2003 non
239 1964 374 2001 sedisse
403 1964 444 2001 in
473 1961 789 2013 Jerosolymitano
816 1959 1050 2011 Episcopatu
1068 1987 1078 2004 ,
1108 1960 1201 2007 quia
1229 1973 1252 1994 a

135 2018 286 2057 Christo
315 2017 423 2055 datus
449 2015 602 2062 fuerat,
633 2027 705 2052 non
728 2023 766 2050 ut
786 2011 973 2050 Ecclesiae
1003 2010 1171 2060 alicujus
1187 2023 1253 2061 pe-

131 2071 289 2110 culiaris
317 2069 532 2122 Episcopus
554 2096 564 2115 ‚
594 2067 658 2104 sed
688 2067 800 2104 totius
827 2065 931 2102 orbis
961 2062 1184 2115 Apostolus.

191 2124 257 2169 84.
290 2122 402 2174 Besp.
439 2121 482 2159 Si
512 2120 596 2158 haec
639 2120 920 2172 argumentatio
963 2116 1132 2164 valeret,
1176 2128 1254 2166 qua

134 2176 242 2217 Sam.
263 2177 469 2228 Basnagius
499 2172 712 2227 triumphat
743 2175 759 2224 (
781 2173 820 2210 in
842 2170 995 2209 Annal.
1027 2170 1073 2207 ad
1104 2182 1164 2206 an.
1187 2168 1253 2213 40.

133 2246 175 2270 n.
199 2246 263 2271 ρο.
293 2230 341 2280 ),
384 2229 467 2283 jam
495 2239 607 2266 nemo
639 2225 904 2280 Apostolorum
947 2225 1128 2277 potuisset
1157 2221 1255 2275 Epi-

137 2285 282 2339 scopali
312 2297 472 2323 munere
496 2283 629 2334 fungi,
659 2281 761 2334 quod
781 2294 901 2333 quam
923 2278 1064 2317 falsum
1093 2279 1167 2325 sit,
1197 2278 1254 2314 fa-

135 2340 211 2379 cile
241 2340 405 2393 quisque
435 2337 565 2383 videt3
596 2344 635 2373 ut
665 2337 770 2374 enim
791 2335 837 2372 de
866 2333 952 2372 aliis
983 2331 1140 2379 sileam,
1172 2344 1254 2369 cer-

136 2403 220 2432 tum
239 2393 419 2431 omnibus
440 2404 588 2444 semper
611 2391 682 2428 suit
698 2419 708 2438 ‚
738 2388 928 2427 Jacobum
947 2388 1139 2427 minorem
1162 2385 1256 2423 fuis-

142 2462 181 2487 se
209 2446 538 2500 Jerosolymitanae
569 2444 755 2483 Ecclesiae
787 2452 828 2480 ut
846 2441 1084 2494 Episcopum
1114 2440 1257 2492 praefe-

136 2511 239 2540 ctum
258 2531 269 2549 ‚
300 2502 378 2539 sive
409 2500 630 2539 immediate
659 2514 681 2536 a
708 2495 860 2536 Christo
880 2526 891 2544 ,
922 2504 962 2533 ut
990 2494 1199 2532 multorum
1217 2506 1257 2530 o-

136 2557 245 2608 pinio
273 2563 357 2603 est,
405 2555 485 2594 sive
515 2553 564 2592 ab
596 2551 811 2604 Apostolis‚
854 2559 895 2588 ut
924 2549 994 2588 alii
1023 2548 1256 2586 arbitrantur

140 2607 195 2659 (b)
214 2635 224 2648 .
268 2608 403 2661 'Neque
433 2621 522 2647 vero
551 2607 588 2645 id
618 2606 859 2659 superfluum
888 2604 966 2642 dici
1009 2611 1150 2655 potest,
1195 2600 1258 2639 vel

139 2662 369 2715 Apostolicae
399 2661 575 2715 dignitati
620 2660 880 2713 injuriosum.
924 2657 1011 2695 Non
1055 2656 1257 2709 prirnum3

140 2730 233 2755 nam
262 2717 440 2770 quamvis
471 2714 644 2769 Apostoli
687 2714 927 2767 amplissima
957 2720 1136 2764 potestate
1174 2708 1258 2763 pol-

140 2769 288 2819 lerent,
330 2784 409 2823 qua
449 2770 596 2822 ubique
631 2778 802 2822 poterant
831 2765 1025 2815 Ecclesias
1068 2765 1258 2812 fundare,

142 2822 383 2880 l'resbyteros
411 2825 611 2872 ordinare,
655 2822 809 2876 aliaque
845 2822 979 2859 omnia
1007 2817 1260 2871 Episcopalia

141 2890 231 2929 jura
259 2891 458 2927 exercere,
500 2878 759 2917 necessarium
803 2883 931 2914 tamen
968 2873 1160 2912 dux-erunt
1188 2872 1259 2911 ali-

143 2944 241 2982 quas
270 2931 368 2968 sedes
389 2931 515 2984 &ipsi
545 2944 734 2984 occupare
752 2960 762 2979 ‚
794 2939 831 2967 ut
863 2930 1029 2967 formam
1061 2927 1260 2978 regiminis

143 2983 406 3023 Ecclesiastiei
433 2995 515 3037 post
542 2987 646 3039 :ipsos
674 2984 848 3024 duraturi
878 2984 1145 3023 constituerent
1161 2995 1173 3028 3
1202 2980 1260 3019 id-

199 3134 248 3171 (ιι)
275 3130 404 3165 Confer
431 3129 466 3163 P.
494 3130 732 3166 Mamachium
751 3130 854 3165 Tom.
873 3130 935 3164 lV.
961 3131 1062 3176 Orig.
1085 3132 1127 3164 (9²
1150 3132 1260 3174 antiq.

145 3179 282 3214 Christ.
308 3190 342 3223 p.
369 3177 450 3211 363.
479 3188 551 3221 seq.
579 3180 609 3208 δε
638 3179 737 3212 Tom.
763 3179 808 3212 V.
836 3190 869 3224 p.
897 3178 978 3212 555.

193 3227 240 3265 (b)
265 3224 346 3259 Non
370 3236 425 3257 me
451 3223 537 3257 latet
563 3234 684 3256 eorum
709 3226 902 3264 sententia,
929 3225 989 3269 qui
1014 3233 1086 3258 tres
1111 3223 1261 3257 Jacobos

144 3272 403 3317 distinguentes
422 3292 433 3311 ‚
468 3282 547 3303 eum
566 3291 578 3310 ,
616 3271 676 3314 qui
702 3271 1002 3314 Jerosolymorum
1026 3272 1161 3317 primus
1189 3272 1262 3304 An-

146 3321 246 3354 tistes
272 3319 339 3351 suit
356 3340 367 3358 ,
392 3329 409 3349 e
436 3328 583 3350 numero
607 3317 688 3350 ΧΗ.
715 3318 961 3361 Apostolorum
986 3317 1202 3351 excludunt.
1232 3318 1263 3350 1-

149 3366 196 3401 sti
223 3375 339 3400 tamen
366 3376 433 3399 non
458 3371 587 3411 negant
603 3361 765 3398 eumdem
783 3362 891 3397 fuisse
914 3374 1038 3398 verum
1052 3365 1263 3411 Apostolum

764 104 913 154 PARS
947 86 1006 153 11.
1038 99 1440 152 n1ssERTAT10
1463 97 1555 146 iv.
1588 96 1720 146 cAP.
1740 96 1819 144 111.

1304 197 1378 235 que
1409 182 1621 233 praesertim
1651 180 1872 220 faciendum
1901 186 2020 221 erata
2039 178 2148 219 Petro
2165 210 2175 229 ,
2205 177 2316 231 cuius
2336 191 2421 219 stica

1305 248 1466 274 cessores
1497 234 1684 273 primatus
1715 235 2009 287 praerogativam
2039 234 2177 272 habere
2208 233 2421 272 debebant.

1357 286 1423 327 85.
1455 288 1736 327 Testimonium
1774 301 1863 326 vero
1892 287 1932 325 S.
1962 287 2020 325 JO.
2050 286 2309 340 Clirysostomi
2342 289 2423 339 pri-

1302 353 1368 380 mo
1397 356 1487 381 cuin
1517 344 1602 394 ipso
1622 342 1809 394 Hasnagio
1839 349 2008 394 pugnat;
2039 354 2126 377 cum
2157 344 2260 380 enim
2292 342 2345 379 ibi
2379 340 2421 378 S.

1304 393 1413 435 Pater
1441 396 1694 449 quaestionem
1732 404 1908 442 moveat,
1950 408 2020 433 cur
2047 392 2238 442 jacobus,
2283 394 2316 430 8(
2346 407 2422 432 non

1305 448 1433 488 Petrus
1453 450 1780 503 Jerosolymorum
1811 449 1989 487 thronum
2011 450 2228 499 acceperit,
2259 462 2327 500 pro
2342 461 2424 485 cer-

1304 512 1341 541 to
1371 502 1512 551 habet,
1546 503 1773 555 Apostolicae
1804 503 2019 541 auctoritati
2050 500 2322 553 Episcopalem
2352 501 2426 540 ali-

1306 556 1419 608 cujus
1440 556 1626 596 Ecclesiae
1658 556 1837 595 thronum
1869 569 1944 593 non
1976 568 2210 608 repugnare.
2241 554 2340 592 Cum
2362 569 2430 593 au-

1308 619 1385 648 tem
1416 612 1643 662 respondet,
1688 612 1726 648 id
1758 612 1903 649 facturn
1934 623 2038 655 esse,
2077 610 2170 661 quia
2202 607 2344 645 Petrus
2372 617 2429 645 to-

1306 669 1383 702 tius
1424 665 1526 702 orbis
1555 663 1702 703 DoHor
1732 677 1758 702 a
1791 663 1943 702 Christo
1987 668 2220 701 constitutus
2252 660 2430 714 fuerin,

1305 716 1408 756 nihil
1437 718 1544 756 aliud
1567 719 1740 757 indicare
1761 718 1882 756 voluit
1900 749 1910 767 ,
1941 718 2011 756 nisi
2035 718 2195 769 potuisse
2216 716 2429 763 Laconum,

1308 782 1374 812 aut
1414 786 1702 825 quemcumque
1747 771 1869 810 alium
1914 771 2138 824 Apostolum
2180 769 2290 808 Petro
2333 770 2430 807 infe·

1309 828 1451 865 riorern
1481 826 1630 865 Judaeae
1662 826 1808 864 finibus
1836 826 2055 864 coarctari.
2087 823 2239 862 Petrum
2270 831 2398 861 autem
2417 851 2430 870 ‚

1311 889 1440 932 utpote
1459 882 1637 919 omnium
1658 879 1879 933 Principem
1902 910 1913 927 ‚
1943 879 2140 927 debuisse,
2170 889 2245 930 qua
2276 877 2350 915 late
2370 889 2433 914 or-

1311 934 1371 973 bis
1393 943 1521 987 patet,
1552 933 1812 985 Evangelium
1833 934 2068 972 annunciare
2082 963 2091 981 ,
2122 946 2190 970 nec
2206 930 2301 969 alibi
2319 944 2358 969 su
2368 943 2433 968 am

1313 988 1439 1026 sedem
1471 989 1510 1026 in
1551 998 1782 1040 perpetuum
1813 988 1963 1039 figere,
2001 1000 2120 1040 quam
2150 986 2192 1025 in
2219 998 2266 1024 ea
2307 984 2433 1034 urbe,

1313 1056 1405 1095 quae
1433 1043 1544 1080 totius
1573 1043 1676 1080 orbis
1708 1043 1914 1093 imperium
1945 1042 2122 1080 tenebat.

1369 1094 1435 1133 86.
1466 1095 1558 1146 Obj.
1583 1096 1620 1133 5.
1664 1094 1770 1133 Mira
1799 1104 1852 1132 est
1896 1105 2094 1134 auctorum
2125 1103 2204 1132 tarn
2233 1102 2434 1140 veterum,

1312 1162 1433 1199 quam
1463 1150 1720 1185 recentiorum
1751 1150 1939 1196 varietas,
1978 1149 2011 1184 8<
2041 1149 2295 1200 discrepantia
2325 1148 2365 1184 in
2395 1159 2436 1182 e·

1314 1201 1438 1252 poclm
1468 1201 1653 1238 adventus
1682 1199 1783 1237 Petri
1815 1197 1976 1238 Romam
2007 1202 2184 1252 figenda.
2214 1200 2314 1239 Nam
2336 1199 2438 1237 Pau-

1314 1255 1375 1291 lus
1405 1254 1562 1291 Orosius
1593 1258 1608 1305 (
1638 1253 1728 1291 Lib.
1758 1253 1845 1300 Vll.
1875 1252 1982 1290 Hist.
2028 1258 2116 1305 cap.
2139 1266 2176 1304 7.
2207 1254 2222 1301 )
2254 1267 2345 1290 eum
2387 1251 2438 1290 ad.

1315 1308 1517 1345 exordium
1535 1309 1640 1360 regni
1658 1306 1811 1345 Claudii
1831 1307 1944 1343 refert
1963 1333 1972 1345 .
2003 1303 2194 1344 Eusebius
2216 1309 2230 1356 (
2254 1307 2292 1343 in
2319 1304 2438 1343 Chro-

1315 1365 1407 1398 m'co
1428 1391 1438 1410 ‚
1468 1359 1503 1397 8(
1533 1361 1574 1399 S.
1597 1361 1858 1414 Hieronymus
1890 1362 1904 1411 (
1926 1359 1974 1398 (le
1990 1355 2283 1414 Scr·ipt.)Eccl.
2313 1373 2348 1397 c.
2371 1358 2437 1408 1.)

1313 1414 1469 1454 Claudii
1500 1428 1598 1453 anno
1627 1417 1793 1453 secundo
1822 1414 1965 1466 figunt.
1995 1413 2134 1463 Liber,
2166 1412 2440 1467 quifczscz'cu-

1315 1469 1374 1506 lac
1404 1478 1630 1519 temporum
1671 1468 1920 1517 inscribitur,
1970 1482 2069 1507 anno
2110 1468 2280 1515 ejusdem
2310 1467 2439 1519 Impe=

1314 1525 1450 1562 ratoris
1479 1532 1616 1577 quarto
1633 1549 1643 1562 .
1675 1521 1913 1561 Passiotzale
1943 1522 1991 1561 cle
2011 1527 2096 1560 ritis
2117 1516 2356 1560 Sanfforum
2374 1535 2440 1560 an·

1320 1578 1410 1625 13.;
1453 1592 1498 1616 ac
1528 1579 1682 1617 tandem
1718 1589 1850 1617 auctor
1879 1577 1971 1615 libri
2003 1577 2053 1615 de
2083 1575 2272 1614 mortibus
2309 1587 2468 1626 perses

1314 1640 1498 1670 catorum
1527 1647 1616 1670 eum
1646 1631 1775 1670 differt
1806 1645 1926 1684 usque
1955 1631 2000 1670 ad
2017 1632 2180 1669 Neronis
2204 1631 2440 1682 imperium·

1313 1686 1396 1725 Nec
1425 1688 1553 1725 minus
1583 1688 1679 1725 inter
1707 1701 1745 1725 se
1774 1686 2034 1737 digladiantur
2064 1686 2314 1729 recentiorem
2359 1681 2441 1735 ple-

1317 1742 1429 1793 rique
1459 1744 1560 1779 enim
1584 1740 1753 1779 Eusebio
1782 1740 2006 1788 adhaerent,
2037 1738 2176 1791 Pagius
2205 1738 2442 1775 tamencum

1316 1794 1512 1833 nonnullis
1541 1793 1629 1833 aliis
1660 1798 1675 1846 (
1706 1796 1750 1833 ad
1783 1808 1844 1832 an.
1867 1792 1933 1839 43.
1963 1806 2004 1832 n.
2027 1792 2102 1843 5.)
2134 1793 2238 1830 circa
2266 1792 2444 1844 primum

1317 1848 1480 1887 Neronis
1509 1863 1652 1887 annum
1685 1847 1837 1886 Petrum
1868 1845 2031 1885 Romam
2062 1848 2259 1885 advenisse
2289 1852 2444 1883 censet.

1317 1902 1493 1954 Scaliger
1520 1904 1674 1942 nonnisi
1706 1911 1788 1956 post
1820 1913 2002 1955 quartum
2031 1901 2205 1953 ejusdem
2235 1900 2446 1952 Imperato-

1319 1958 1373 1993 ris
1403 1971 1576 2002 annum;
1605 1957 1675 1996 alii
1705 1970 1794 1996 vero
1825 1958 1923 1995 inter
1953 1955 2201 1994 Protestantes
2229 1954 2332 1991 circa
2360 1965 2445 2000 10.,

1320 2007 1382 2044 vel
1409 2022 1469 2045 12.
1500 2010 1662 2046 Neronis
1682 2024 1827 2047 annum
1845 2035 1856 2046 .
1886 2010 2003 2047 Porro
2032 2009 2100 2047 ubi
2131 2016 2233 2045 tanta
2255 2007 2418 2044 varietas
2435 2032 2448 2053 ,

1322 2060 1356 2096 8<
1385 2061 1663 2110 contradictio,
1708 2060 1865 2100 nullum
1895 2062 2066 2113 profecto
2092 2068 2147 2098 est
2189 2059 2358 2099 veritatis
2387 2060 2448 2097 in-

1322 2113 1471 2150 dicium
1491 2137 1502 2150 .
1525 2134 1528 2137 -

1378 2165 1445 2218 87.
1478 2165 1591 2219 Resp.
1621 2162 1731 2204 Nihil
1774 2162 1905 2204 obesse
1948 2161 2142 2203 historicae
2185 2165 2336 2205 veritati
2366 2164 2446 2203 Au-

1322 2228 1471 2258 ctorum
1502 2220 1780 2259 dissonantiam
1810 2220 1915 2258 circa
1943 2228 2124 2272 tempus,
2154 2219 2215 2256 vel
2245 2219 2342 2257 alias
2371 2220 2447 2256 cir-

1322 2275 1598 2323 cumstantias,
1641 2287 1731 2328 quae
1762 2275 1816 2311 rei
1847 2272 2099 2312 substantiam
2142 2273 2306 2311 minime
2335 2275 2447 2311 attin-

1322 2337 1442 2380 gunt.
1473 2327 1720 2381 Quamplura
1750 2326 1862 2366 nobis
1891 2328 2101 2365 certissima
2130 2334 2246 2374 sunt,
2283 2324 2372 2364 licet
2401 2327 2448 2365 de

1323 2391 1518 2435 tempore,
1549 2396 1627 2435 quo
1657 2383 1920 2433 contigerunt,
1952 2380 2038 2419 lites
2067 2381 2218 2432 vigeant
2249 2381 2450 2419 immorta-

1324 2435 1408 2475 les.
1438 2435 1538 2474 Illud
1571 2446 1698 2475 tamen
1727 2437 1847 2484 addo,
1879 2448 1952 2474 non
1983 2443 2128 2474 tantam
2156 2447 2235 2472 esse
2265 2435 2365 2472 inter
2385 2448 2450 2472 ve-

1325 2499 1427 2528 teres
1452 2504 1652 2543 pugnam,
1696 2489 1853 2544 qualem
1896 2487 1972 2528 sibi
2017 2488 2225 2528 adversarii
2263 2487 2452 2540 fingunt·

1325 2544 1428 2583 Nam
1458 2543 1712 2583 Fasciculum
1742 2555 1967 2597 temporum
1985 2573 1996 2592 ,
2039 2545 2089 2584 ἴθ’
2123 2543 2364 2581 Passionale
2394 2542 2450 2580 ni·

1303 2597 1384 2636 ‘hil
1415 2612 1615 2637 moramur
1636 2629 1647 2649 ‚
1677 2612 1767 2638 curn
1798 2597 1892 2636 libri
1923 2600 1998 2636 siut
2027 2598 2201 2637 omnium
2232 2596 2380 2648 judicio
2409 2611 2450 2634 a·

1327 2652 1516 2706 pocryphi
1535 2684 1546 2702 ,
1575 2653 1801 2706 nulliusque
1830 2653 2090 2690 auctoritatis.
2120 2650 2262 2689 Paulus
2290 2651 2449 2689 Orosius

1326 2708 1477 2745 nonnisi
1507 2708 1636 2747 verbis
1665 2707 1715 2746 ab
1746 2706 1943 2753 Eusebio,
1974 2705 2007 2742 8<
2038 2706 2277 2759 Hieronymo
2305 2706 2449 2743 discre-

1326 2770 1418 2814 pat3
1448 2775 1538 2800 nam
1570 2762 1758 2801 secundus
1784 2775 1905 2799 annus
1923 2759 2076 2799 Claudii
2105 2771 2182 2799 non
2212 2760 2338 2812 inepte
2367 2758 2452 2810 ejus

1328 2817 1434 2867 regni
1464 2816 1664 2855 exordium
1709 2813 1900 2867 appellari
1938 2822 2075 2867 potest,
2126 2813 2259 2852 habita
2302 2813 2450 2851 ratione

1334 2873 1394 2915 14.
1425 2883 1636 2919 annorum,
1667 2869 1809 2922 quibus
1838 2867 2025 2906 Claudius
2056 2868 2255 2919 regnavit.
2285 2866 2451 2905 Lactan-

1327 2924 1402 2961 tius
1431 2933 1586 2972 autem,
1618 2924 1698 2962 sive
1728 2932 1860 2961 auctor
1880 2922 1990 2960 Libri
2021 2921 2069 2959 de
2099 2920 2289 2959 mortibus
2316 2933 2450 2971 perse-

1328 2986 1406 3016 cut.
1436 2978 1483 3016 de
1513 2978 1651 3018 ultimo
1679 2977 1718 3016 S.
1749 2974 1850 3016 Petri
1882 2978 1921 3014 in
1951 2976 2092 3015 urbem
2112 2977 2278 3015 adventu
2307 2972 2451 3027 exponi

2325 3041 2395 3082 po-

1329 3137 1547 3173 quamquam
1573 3132 1673 3158 extr-a
1697 3122 1855 3158 ordinem
1882 3125 1988 3166 XIL,
2013 3124 2160 3169 parique
2187 3135 2268 3157 cum
2293 3121 2372 3156 aliis
2400 3119 2449 3155 Α-

1328 3176 1475 3220 postolis
1501 3173 1702 3207 auctoritate
1729 3170 1944 3216 prseditumg
1971 3170 2269 3217 quemadmodum
2294 3169 2353 3201 alii
2380 3167 2451 3202 duo

1331 3223 1471 3255 fuerant
1500 3220 1627 3253 Paulus
1654 3221 1685 3251 &
1711 3219 1912 3252 Barnabas.
1941 3218 2022 3252 Vid.
2050 3219 2194 3252 Alesios
2212 3214 2447 3261 Symmachus

1327 3267 1531 3302 Mazocliius
1573 3267 1608 3298 in
1634 3278 1697 3298 suo
1732 3264 1972 3298 eruditissimo
1997 3268 2192 3298 Comment.
2228 3261 2270 3295 avl
2298 3260 2447 3295 Kalend.

1328 3315 1456 3360 Napol.
1482 3315 1584 3347 initio
1608 3314 1738 3346 mensis
1764 3311 1873 3359 maij,
1899 3313 1959 3349 ubi
1985 3312 2050 3348 hac
2067 3309 2108 3345 de
2134 3321 2169 3345 re
2198 3310 2334 3356 copiose
2359 3311 2392 3342 δε
2409 3319 2448 3342 σ-

1328 3363 1486 3408 legaiiter
1512 3359 1653 3396 disserit
1672 3380 1681 3392 .
