2564 3706
231 120 319 163 218

219 199 309 243 267.
338 189 451 237 Quod
480 198 569 226 vero
596 188 761 226 secundo
788 187 872 226 loco
900 186 1094 240 objestum
1133 189 1203 225 suit
1233 186 1279 222 de

161 250 276 285 variis
306 244 407 297 apud
438 255 504 280 nos
523 242 741 290 sententiis,
782 243 978 293 variisque
1007 243 1081 279 sibi
1111 240 1286 278 adversis

159 300 335 345 scholis,
367 293 511 333 nullam
543 307 695 347 prorsus
715 297 853 348 ingerit
883 294 1150 333 difficultatem
1170 318 1179 329 .
1210 292 1276 329 Li-

160 356 239 393 cuit
268 353 367 388 euim
397 362 575 401 semper,
606 363 832 402 semperque
854 348 986 386 licebit
1015 345 1118 383 salva
1149 345 1275 382 unita-

120 424 126 430 *
159 417 194 445 te
222 404 313 443 fidei
340 417 426 441 eam
454 404 676 455 opinionem
705 405 833 455 sequi,
863 413 950 453 quae
973 399 1089 436 sacris
1117 397 1274 446 litteris,

158 457 452 508 saristortunqtie
484 456 639 495 Patrum
683 455 876 494 traditioni
904 452 1138 490 conformior
1167 452 1273 490 vide-

154 521 238 560 tur,
269 511 370 563 quod
391 509 565 549 Ecclesia
593 509 694 547 nihil
723 507 938 546 definierit.
971 503 1106 543 Unitas
1134 503 1274 543 doeh-i-

154 579 218 603 nae
248 565 339 603 fidei
369 577 444 602 non
474 566 514 602 in
545 576 587 600 eo
616 565 685 601 sita
715 569 793 608 est,
842 567 882 595 ut
910 557 1020 596 nulla
1050 559 1097 596 sit
1125 560 1277 610 opinio-

154 633 249 657 num
279 620 501 663 diversitas3
532 616 631 669 quod
661 615 741 651 sine
771 620 956 664 perpetuo
978 611 1049 649 Dei
1081 613 1274 650 miraculo

153 673 317 711 obtineri
347 686 423 709 non
454 679 600 723 possct3
628 667 692 705 sed
724 674 764 703 ut
793 674 932 718 praesto
957 667 1007 704 sit
1035 666 1172 708 efficax
1197 696 1206 714 ,
1237 667 1272 703 St

154 725 367 766 infallibiie
398 725 566 763 medium
589 721 636 758 ad
664 733 795 757 omnes
816 719 1069 758 dissensiones
1099 721 1139 758 in
1169 720 1271 770 fide,

155 780 189 817 ἃ
231 780 404 818 moribus
431 775 642 815 tollendas.
691 773 1030 821 Quemadmodum
1073 775 1240 812 civitatis
1261 804 1272 824 ,

154 842 221 872 aut
250 833 477 885 reipublicae
509 829 631 867 unitas
661 839 737 865 non
767 827 958 878 impedit,
988 828 1083 880 quin
1114 828 1197 867 lites
1215 829 1272 868 in-

154 896 212 926 ter
240 889 342 925 cives
370 885 566 930 oriantur,
615 883 733 932 exigit
762 889 891 919 tamen
909 911 919 929 ,
969 891 1009 919 ut
1045 895 1273 934 supremum

154 944 202 980 sit
231 938 427 985 tribunal,
478 935 591 988 cujus
620 935 804 974 decisioni
834 948 964 974 omnes
1001 938 1272 977 controversiae

154 991 336 1045 subjerstae
365 992 440 1029 sint
458 1017 468 1029 0

208 1046 299 1085 268.
329 1044 438 1085 Nihil
468 1056 556 1083 vero
578 1044 699 1095 magis
731 1041 870 1081 falsum
889 1073 898 1091 ,
929 1056 1048 1096 quam
1078 1044 1180 1097 quod
1198 1043 1276 1083 Ad-

148 1101 309 1140 versarii
339 1112 538 1152 nunquam
570 1098 678 1136 nobis
706 1096 877 1147 objicere
915 1107 1089 1147 cessant,
1140 1098 1276 1137 Eccle-

147 1156 246 1193 siam
275 1154 421 1193 scilicet
463 1161 630 1190 nostram
662 1152 702 1188 in
733 1149 903 1189 dmstrina
947 1151 1036 1189 fidei
1082 1154 1274 1197 variasse3

150 1208 187 1245 ἃ
214 1210 358 1261 saepius
383 1205 611 1260 provocati,
661 1213 701 1243 ut
730 1204 894 1257 epochas
911 1234 921 1252 ,
970 1203 1142 1242 auetores
1159 1235 1169 1252 ,
1208 1213 1274 1242 aut

150 1272 252 1302 certa
281 1270 530 1301 monumenta
574 1259 713 1297 harum
744 1259 1018 1296 variationumv
1038 1258 1240 1295 ostendant
1262 1287 1272 1305 ,

149 1317 192 1355 id
221 1330 433 1368 numquam
464 1323 642 1367 praestare
672 1310 900 1349 valuerunt.
950 1309 1194 1348 Variationes
1233 1312 1274 1349 in

149 1372 287 1409 ritibus
306 1401 315 1418 ,
345 1367 616 1413 caeremoniis,
664 1363 825 1411 usibus,
855 1371 968 1415 atque
997 1364 1113 1401 etiam
1145 1365 1184 1402 in
1214 1364 1274 1402 di-

148 1424 326 1476 sciplinae
358 1422 562 1474 praeceptis
591 1421 879 1468 nonnumquam
911 1418 1054 1466 fuisse,
1086 1416 1187 1455 haud
1212 1419 1272 1456 in-

149 1479 217 1515 viti
248 1478 440 1516 fatemur.
470 1474 544 1513 Sed
574 1471 658 1509 haec
679 1472 808 1509 omnia
823 1480 909 1509 sunt
931 1479 1066 1509 natura
1094 1485 1163 1511 sua
1185 1486 1271 1510 mu-

147 1532 281 1570 tationi
311 1526 510 1575 obnoxia,
540 1526 573 1563 ὃς
602 1524 805 1573 Ecclesia,
844 1538 1071 1578 quanquam
1101 1527 1271 1580 antiqui-

148 1587 234 1624 tatis
263 1586 454 1633 studiosa,
503 1581 537 1618 3<
567 1580 692 1634 quoad
722 1578 810 1617 fieri
841 1588 988 1631 potest,
1038 1588 1177 1629 tenax,
1218 1590 1273 1619 ta-

148 1654 236 1678 men
263 1648 306 1676 ut
336 1640 400 1690 pia
418 1668 428 1687 ,
453 1635 493 1673 ss&
513 1636 680 1687 benigna
710 1641 831 1672 mater
859 1635 1003 1686 saepius
1020 1633 1136 1672 'debet
1164 1634 1273 1673 infir-

148 1695 275 1732 mitati
304 1694 477 1731 filiorum
507 1690 736 1741 indulgere.

202 1747 294 1800 269.
324 1748 504 1785 Ceterum
525 1744 752 1784 variationes
774 1742 813 1780 in
835 1740 912 1780 fide
927 1772 938 1791 ,
969 1755 1058 1794 quae
1080 1756 1153 1780 una
1174 1757 1274 1781 sem—

147 1816 245 1855 per,
277 1801 310 1836 &
340 1809 510 1838 constans
540 1811 618 1837 esse
647 1796 787 1845 debet,
834 1810 1038 1849 nunquam
1070 1797 1185 1835 fuisse
1216 1798 1273 1835 fa-

149 1855 227 1894 &as
255 1855 450 1894 evidenter
479 1869 501 1892 a
529 1851 666 1890 nostris
686 1851 759 1888 fuit
788 1851 927 1902 saepius
948 1850 1271 1889 demonstratum.

149 1909 233 1948 Imo
255 1909 377 1951 ,facile
404 1917 459 1947 est
478 1906 671 1944 ostendere
689 1933 699 1951 ,
730 1903 796 1940 has
826 1905 1055 1941 variationes
1085 1918 1152 1942 nec
1184 1905 1272 1943 fieri

147 1963 340 2016 potuisse,
369 1963 465 2014 quin
498 1971 646 2011 magnae
668 1957 951 2004 contentiones,
980 1957 1207 2005 discordiae,
1238 1958 1272 1993 8<

150 2017 276 2055 turbae
307 2018 589 2060 excitarentur,
625 2023 793 2064 quarum
823 2018 951 2048 tamen
981 2008 1134 2047 nullum
1164 2011 1273 2048 iuve-

149 2072 256 2110 nitur
286 2071 323 2107 in
353 2067 620 2106 ecclesiastic-is
638 2064 895 2102 monumentis
916 2060 1119 2117 vestigium
1138 2090 1147 2101 .
1178 2063 1273 2101 Fin-

149 2137 284 2176 gamus
313 2123 418 2160 enim
436 2152 447 2169 ,
477 2129 517 2157 ut
547 2117 776 2157 adversariis
804 2115 957 2167 placet,
994 2114 1064 2153 has
1093 2118 1274 2154 mutatio-

148 2192 243 2227 nes,
271 2190 347 2215 non
377 2175 537 2228 quidem
564 2179 744 2224 repente,
774 2169 875 2222 quod
906 2168 1148 2221 impossibile
1178 2170 1274 2208 fuis—

148 2241 229 2281 set,
257 2225 320 2269 sed
349 2231 512 2276 sensim,
543 2239 588 2265 ac
616 2225 758 2264 sensim
786 2224 1026 2276 irrepsisse3,
1056 2230 1151 2262 *tunc
1180 2237 1274 2281 cum

147 2286 299 2326 nonnisi
343 2284 458 2336 pauci
488 2283 528 2319 in
571 2280 681 2317 initio
709 2285 829 2316 essent
865 2281 1067 2316 novatores
1088 2307 1100 2326 ,
1145 2291 1274 2330 major

150 2354 266 2395 pars,
314 2351 404 2390 quae
434 2337 546 2375 avitae
577 2332 760 2372 doetrinae
797 2332 988 2379 ‚tenaciter
1017 2330 1274 2382 adhaerebat,

150 2407 213 2433 eos
242 2392 355 2432 facile
384 2391 609 2437 detexisset,
639 2386 673 2424 8<
699 2385 1018 2437 condemnasset.
1049 2384 1124 2424 Sed
1154 2386 1275 2438 finga-

150 2462 238 2487 mus
267 2447 382 2486 etiam
400 2477 411 2494 ,
441 2459 502 2484 eos
530 2456 672 2497 paucos
699 2440 922 2486 delituisse3
950 2454 1003 2478 an
1032 2442 1147 2479 etiam
1177 2440 1275 2479 deli-

151 2511 294 2541 tescere
323 2508 523 2554 poterant,
552 2495 706 2550 quando
731 2507 865 2533 eorum
896 2507 1078 2532 numerus
1108 2494 1275 2547 augeba-

152 2566 215 2594 tur
233 2587 243 2605 ,
274 2564 314 2593 ut
343 2554 455 2593 alteri
484 2553 582 2605 parti
605 2548 768 2602 aequalis
797 2557 915 2596 esset,
946 2562 991 2587 ac
1012 2550 1130 2587 etiam
1161 2563 1274 2601 supe-

153 2609 261 2649 rior?
290 2609 491 2661 Praecipue
511 2606 605 2660 quia
635 2617 784 2642 necesse
812 2603 972 2641 omnino
1000 2612 1105 2651 erat,
1136 2603 1178 2641 in
1208 2604 1275 2641 iis=

154 2665 241 2702 dem
262 2663 446 2702 Ecclesiis
463 2693 475 2712 ,
504 2663 545 2713 in
576 2658 712 2698 iisdem
734 2655 912 2695 Urbibus
929 2687 939 2704 ,
968 2657 1008 2708 in
1030 2657 1165 2695 iisdem
1189 2656 1277 2696 Mo-

156 2719 355 2766 nasteriis,
405 2730 449 2755 ac
479 2729 575 2768 pene
617 2714 659 2751 in
689 2711 824 2750 iisdem
855 2710 1034 2749 domibus
1071 2711 1170 2750 alios
1199 2725 1278 2750 esse

158 2772 289 2809 eodem
313 2780 488 2824 vtempore
505 2801 514 2819 ,
545 2768 615 2821 qui
644 2775 810 2805 veterem
833 2773 1033 2804 servarent
1062 2764 1180 2803 fidem
1203 2796 1213 2814 ,
1245 2764 1279 2802 8<

158 2823 252 2861 alios
269 2854 280 2873 ,
309 2827 376 2877 qui
405 2838 542 2864 novam
562 2828 793 2860 conarentur
820 2817 1004 2857 invehere
1021 2846 1032 2857 .
1061 2819 1146 2857 Non
1177 2828 1281 2872 pote-

159 2886 219 2916 rat
246 2891 333 2928 ergo
361 2880 508 2917 novitas
526 2890 606 2916 non
637 2874 811 2913 adverti.
841 2873 890 2911 Et
919 2882 1011 2911 tunc
1039 2872 1282 2926 impossibile

162 2930 310 2968 creditu
340 2941 391 2968 est
418 2945 550 2970 omnes
580 2930 696 2968 fuisse
726 2929 778 2966 ita
806 2926 1001 2979 stupidos,
1051 2927 1085 2964 ἃ
1124 2937 1248 2966 mutos
1270 2957 1280 2977 ,

163 2993 205 3022 ut
234 2995 349 3023 nemo
376 2998 507 3024 vocem
536 2983 760 3032 extolleret,
806 2981 839 3018 &
868 2981 1097 3020 reclamaret
1119 3008 1130 3020 .
1179 2982 1282 3035 Hinc

210 3130 258 3166 (a)
289 3127 343 3159 Ita
367 3123 497 3170 objecit
521 3125 628 3157 Laur.
647 3124 867 3158 Moshemins
894 3124 930 3158 in
949 3123 1213 3158 Commentariis
1233 3126 1277 3159 cle

163 3174 264 3208 ‘rebus
291 3173 565 3206 Christianorum
591 3182 668 3203 anre
695 3172 953 3205 Constantinum
970 3172 1134 3215 Magnum
1161 3174 1278 3206 Saecu-

164 3222 201 3254 lo
228 3222 252 3254 Ι.
280 3223 311 3263 ᾗ.
339 3221 394 3254 28·
432 3219 481 3251 ita
506 3225 587 3250 ante
612 3229 692 3249 enm
726 3219 915 3260 objiciebat
948 3218 1092 3264 quidam
1130 3218 1279 3263 pseudo-

166 3267 329 3300 minifiter
354 3265 548 3300 Calvinista
565 3286 575 3304 ,
600 3266 705 3308 q-‘iarn
720 3263 904 3298 Bossuetns
923 3267 1061 3310 egregie
1081 3267 1278 3300 confutavit

168 3315 255 3345 dms
281 3316 315 3347 Ia
340 3313 485 3346 seconde
506 3310 707 3344 Instrumon
723 3309 901 3343 Pastorale
929 3325 984 3344 sur
1010 3316 1062 3345 les
1085 3325 1279 3357 promesses

169 3363 212 3394 ‹le
237 3361 269 3393 J.
295 3362 336 3395 C.
362 3363 383 3393 ἀ
409 3373 470 3395 son
496 3358 624 3406 Eglise
659 3359 689 3400 §·
721 3356 776 3402 59·
812 3358 843 3390 ὅ(
870 3369 941 3402 seq.
980 3358 1082 3394 Tom·
1110 3360 1152 3397 V.
1188 3363 1279 3407 Opp.

651 104 799 152 PARS
831 105 888 151 ΙΙ.
919 103 1328 151 DISSERTATIO
1356 101 1435 146 m.
1469 99 1599 145 CAP.
1634 99 1735 145 V11.
1766 101 1982 155 ART.,11.

1349 181 1561 220 discordias
1590 181 1695 218 nasci
1716 191 1866 219 necesse
1896 192 2002 232 erat,
2032 181 2302 235 disputationes
2330 181 2471 222 excita-

1347 236 1408 281 ri,
1458 234 1492 271 ἃ
1522 235 1807 283 contentiones,
1856 234 2043 274 celebrari
2072 238 2243 276 Concilia
2265 268 2276 285 ,
2319 238 2353 274 ἃ
2383 238 2471 276 fieri

1345 285 1550 326 schismata
1567 314 1579 326 .

1408 355 1501 393 270.
1531 341 1633 391 Sane
1662 342 1731 395 qui
1761 342 1802 380 in
1831 340 1988 380 historia
2017 340 2282 384 Ecclesiastico,
2317 352 2476 397 {uersus

1341 393 1507 448 hospites
1537 408 1611 434 non
1640 405 1750 444 sunt,
1799 395 1833 431 8(
1864 396 2084 448 peregrini,
2128 395 2230 435 haud
2259 401 2432 450 ignorant
2455 426 2467 447 ,

1340 463 1431 501 quae
1462 450 1744 497 contentiones,
1775 448 1808 485 8<
1838 450 1962 488 turbae
1992 459 2085 487 ortae
2103 449 2271 499 fuerint,
2300 453 2467 504 quoties-

1343 516 1511 556 cumque
1544 504 1732 543 novitates
1763 503 1803 540 iu
1823 501 1994 542 d06trina
2014 503 2106 542 fidei
2136 514 2368 555 eruperant.
2400 506 2467 544 Sic

1345 566 1431 594 nota
1449 566 1540 595 sunt
1556 556 1762 595 schismata
1783 555 1996 595 &haereses
2012 587 2022 605 ,
2054 558 2326 596 Gnosticorum
2346 589 2355 607 ,
2387 559 2468 597 Do-

1344 619 1516 648 cetarum
1534 641 1543 659 ,
1574 610 1847 649 Ebionitai-um
1866 641 1877 659 ,
1908 610 2229 649 Marcionitarum
2250 615 2263 659 ,‘
2293 611 2468 650 Valenti-

1339 656 1568 712 nianorum,
1598 663 1945 712 Montanistartun,
1976 674 2100 716 postea
2122 660 2435 704 Sabellianoaum
2456 695 2468 714 ,

1342 718 1581 759 Asianorum
1599 748 1610 768 ,
1639 718 1675 755 &
1705 731 1784 756 nno
1802 717 1922 756 verbo
1941 719 2115 756 omnium
2137 732 2269 757 eorum
2289 749 2298 767 ,
2329 721 2396 772 qui
2418 719 2469 756 ob

1340 781 1563 824 corruptam
1592 773 1761 824 priscam
1788 771 1934 811 Christi
1961 770 2173 810 doetrinam
2213 773 2263 811 ab
2293 772 2470 811 Ecclesia

1342 825 1403 864 vel
1433 835 1564 879 sponte
1584 827 1862 874 discesserunt,
1891 825 1953 866 vel
1985 834 2025 863 ut
2053 833 2298 864 contumaces
2327 826 2376 865 ab
2407 840 2468 866 ea»-

1340 880 1429 918 dem
1450 879 1562 932 ejesti
1591 888 1679 918 sunt
1697 907 1707 918 .
1737 879 1889 927 Quidni
1911 881 2027 932 igitur
2057 879 2177 917 simili
2198 880 2313 917 modo
2342 881 2469 920 varia-

1340 935 1459 972 tiones
1502 934 1591 972 aliae
1610 964 1620 983 ,
1669 935 1700 972 si
1730 947 1819 986 quae
1851 932 1962 971 faetae
1992 933 2175 982 fuissent,
2223 935 2263 971 in
2290 936 2468 973 omnium

1343 987 1474 1025 oculos
1504 988 1782 1036 incurrissent,
1813 987 1846 1024 ἃ
1869 987 2028 1036 turbas,
2058 1001 2103 1026 ac
2132 989 2385 1026 contentiones
2405 1001 2472 1026 ex·

1343 1039 1548 1080 citassent?
1585 1042 1684 1079 Cum
1715 1042 1844 1094 itaque
1873 1041 1982 1080 nulla
2010 1050 2134 1080 extent
2163 1039 2305 1080 harum
2335 1041 2468 1080 turba-

1343 1104 1433 1133 rum
1462 1104 1709 1136 monumenta
1728 1125 1738 1143 ,
1769 1095 1830 1133 vel
1861 1095 1899 1134 id
1929 1094 2057 1134 solum
2085 1094 2287 1144 sufficere,
2318 1096 2470 1135 etiamsi

1343 1148 1422 1187 alia
1450 1148 1865 1200 argumenta-deessent
1882 1169 1901 1197 ,·
1924 1158 1964 1187 ut
1992 1162 2063 1202 pro
2092 1150 2368 1187 commentitiis
2397 1148 2469 1188 ha-

1341 1201 1505 1240 beantur
1522 1231 1532 1249 ,
1562 1214 1658 1253 quas
1686 1201 1798 1240 nobis
1819 1216 2018 1254 nunquam
2046 1202 2218 1254 objicere
2247 1211 2394 1242 cessant
2415 1203 2469 1242 A-

1341 1252 1526 1293 catholici
1556 1255 1732 1305 pristinae
1762 1254 1854 1293 fidei
1882 1257 2140 1304 mutationes.

1399 1321 1492 1360 271.
1523 1307 1617 1360 Obj.
1646 1309 1839 1346 secundo.
1868 1308 1912 1346 In
1933 1317 2068 1347 nostrae
2099 1308 2294 1359 religionis
2314 1310 2472 1348 exordio

1339 1360 1450 1400 nulla
1479 1371 1559 1400 erat
1588 1363 1787 1414 regiminis
1819 1362 1972 1408 unitas,
2020 1375 2112 1401 nam
2144 1363 2282 1413 primis
2319 1362 2470 1401 duobus

1339 1415 1496 1455 saeculis
1523 1416 1686 1469 singulae
1709 1415 1894 1454 Ecclesiae
1925 1416 2068 1468 seipsas
2088 1414 2270 1467 regebant
2299 1415 2382 1467 sine
2412 1414 2472 1454 ul-

1340 1469 1379 1508 la
1408 1470 1459 1508 ab
1488 1469 1577 1508 aliis
1604 1470 1878 1523 dep‘endentia3
1926 1468 2038 1509 nulla
2066 1471 2172 1509 enim
2209 1468 2341 1507 afferri
2383 1483 2469 1522 pos-

1337 1533 1426 1562 ·sunt
1456 1524 1516 1564 vet
1546 1537 1593 1562 ex
1623 1525 1741 1563 sacris
1770 1524 1935 1573 litteris,
1985 1522 2045 1563 vel
2075 1537 2120 1562 ex
2151 1523 2307 1562 Parrum
2352 1524 2470 1562 tradi-

1343 1580 1443 1616 tione
1492 1577 1609 1629 hujus
1637 1578 1905 1632 dependentiae
1934 1586 2187 1617 monumenta
2230 1587 2317 1616 ante
2347 1591 2471 1616 saecu-

1341 1631 1425 1670 lum
1456 1632 1523 1670 III.
1555 1632 1726 1670 Ulterius
1746 1633 1889 1670 diversi
1920 1641 2012 1671 tunc
2043 1642 2149 1671 erant
2169 1631 2273 1685 apud
2303 1631 2472 1684 singulas

1343 1685 1538 1725 Ecclesias
1569 1700 1692 1725 mores
1710 1716 1720 1735 ,
1752 1685 1786 1722 8<
1815 1689 1937 1726 vaxiae
1959 1687 2255 1724 consuetudines
2273 1711 2283 1722 .
2314 1685 2379 1724 Sic
2408 1698 2471 1724 ex.

1342 1754 1400 1792 gr.
1432 1741 1472 1778 in
1500 1739 1681 1778 Ecclesia
1711 1739 1910 1793 Ephesina
1939 1752 2014 1777 non
2058 1739 2323 1778 tolerabantur
2352 1738 2471 1779 Nico-

1343 1794 1451 1832 laitae
1484 1793 1604 1846 Apocss
1628 1795 1675 1832 Il.
1707 1792 1745 1832 6.
1775 1795 1845 1846 qui
1863 1797 2005 1832 'tamen
2033 1793 2296 1832 tolerabantur
2325 1794 2365 1831 in
2396 1793 2470 1832 Ec-

1337 1847 1461 1886 clesia
1484 1846 1718 1901 Pergamena
1748 1847 1847 1885 ibid.
1873 1849 1935 1886 15.
1965 1846 2101 1899 Neque
2131 1856 2219 1885 tunc
2250 1845 2332 1884 ulla
2360 1848 2473 1885 novi-

1342 1916 1431 1942 mus
1459 1901 1655 1941 celebrata
1674 1901 1852 1941 Concilia
1869 1932 1879 1949 ,
1909 1914 2000 1956 quae
2031 1909 2157 1939 tamen
2178 1901 2395 1939 necessaria
2415 1902 2473 1940 vi-

1341 1955 1507 2004 dentur,
1537 1965 1578 1993 ut
1610 1971 1685 1995 una
1713 1956 1762 1994 sit
1792 1956 1938 2009 ubique
1966 1954 2205 2008 disciplina,
2234 1953 2267 1990 8<
2298 1967 2375 1992 una
2396 1953 2472 1992 Ec-

1341 2006 1469 2045 clesiae
1502 2008 1643 2047 facies:
1673 2022 1749 2046 non
1779 2022 1869 2058 ergo
1897 2011 2023 2048 unitas
2044 2008 2243 2059 regiminis
2273 2016 2362 2045 tunc
2391 2016 2473 2046 erat

1341 2059 1530 2098 Ecclesiae
1553 2069 1642 2100 nota
1661 2061 1726 2111 (a)
1745 2086 1754 2099 .
1786 2061 2015 2098 Addendum
2030 2088 2041 2107 ,
2067 2061 2244 2097 'inaudita
2264 2069 2354 2099 tunc
2377 2062 2472 2100 fuis-

1342 2126 1381 2150 se
1409 2116 1569 2152 nomina
1600 2114 2022 2165 Archiepiscoporum,
2053 2112 2295 2163 Primatum,
2333 2115 2368 2152 &
2398 2113 2469 2154 Pa-

1339 2167 1414 2205 tria
1423 2165 1604 2204 rcharum
1620 2193 1634 2205 ι

1401 2233 1494 2273 272.
1526 2218 1640 2273 Resp-
1669 2217 1773 2258 nihil
1795 2232 1872 2258 esse
1891 2220 2016 2271 magis
2045 2236 2068 2259 a
2095 2222 2255 2260 veritate
2275 2220 2472 2273 alienum,

1340 2288 1464 2328 ‘quam
1507 2273 1609 2312 hanc
1651 2275 1871 2327 primarum
1901 2273 2169 2313 Ecclesiarum
2215 2275 2473 2329 independen-

1340 2332 1438 2368 tiam
1455 2357 1466 2367 .
1496 2328 1596 2367 Satis
1611 2337 1665 2367 est
1685 2329 1769 2381 ipsa
1791 2329 1977 2367 confessio
1994 2327 2312 2368 Adversariorum
2328 2360 2339 2380 ,
2369 2331 2473 2383 quod

1342 2397 1433 2422 saec.
1455 2383 1523 2421 ΙΙΙ.
1551 2395 1684 2421 omnes
1714 2381 1795 2434 jam
1819 2382 2008 2421 Ecclesiae
2038 2392 2159 2421 essent
2180 2382 2298 2421 simul
2329 2386 2472 2423 mutuis

1345 2437 1514 2478 vinculis
1544 2449 1618 2475 non
1648 2435 1775 2475 solum
1796 2435 1917 2485 fidei,
1947 2436 1982 2473 8<
2012 2435 2233 2487 charitatis,
2262 2437 2328 2476 sed
2357 2438 2474 2477 etiam

1340 2490 1565 2544 >disciplinae
1584 2520 1595 2540 ,
1644 2489 1678 2527 8:
1707 2490 1975 2542 dependentiae
2005 2490 2225 2543 colligatae,
2270 2500 2311 2529 ut
2341 2492 2474 2530 creda-

1343 2559 1457 2595 mus,
1487 2546 1662 2585 eamdem
1694 2546 1910 2594 unitatem,
1947 2553 2203 2598 mutuamque
2232 2544 2475 2597 conjunfflo-

1343 2614 1432 2639 nem
1465 2600 1582 2638 etiam
1610 2599 1748 2652 primis
1776 2599 1926 2638 duobus
1956 2599 2110 2639 saeculis
2150 2599 2316 2651 viguisse
2335 2625 2346 2637 .
2394 2599 2472 2638 Sed

1345 2663 1531 2707 praeterea
1574 2662 1725 2706 mutuae
1755 2651 2021 2691 Ecclesiarum
2064 2654 2346 2693 communionis
2388 2662 2475 2691 ante

1346 2723 1437 2746 saec.
1459 2708 1528 2746 III.
1576 2716 1684 2746 testes
1726 2715 1812 2746 sunt
1853 2707 2027 2759 epistolae
2059 2707 2240 2761 Dionysii
2283 2707 2474 2760 Episcopi

1345 2761 1635 2802 Corinthiorum
1665 2760 1722 2799 acl
1750 2760 1927 2798 diversas
1956 2760 2196 2810 Ecclesias,
2225 2775 2322 2814 quas
2350 2759 2473 2800 Ense-

1347 2817 1437 2855 bius
1464 2824 1652 2855 memorat
1680 2814 1772 2854 Lib.
1792 2814 1861 2853 IV.
1891 2813 1999 2853 Hist.
2029 2814 2146 2853 Eccl.
2176 2830 2263 2868 cap.
2287 2816 2351 2855 25.
2388 2824 2472 2853 tum

1350 2871 1391 2909 S.
1434 2871 1570 2922 Ignatii
1601 2869 1784 2922 Episcopi
1823 2868 2081 2917 Antiocheni,
2130 2883 2174 2908 ac
2217 2869 2385 2922 denique
2428 2868 2471 2907 S.

1347 2924 1559 2964 Clementis
1580 2921 1770 2970 Romani,
1801 2922 1847 2960 ad
1869 2922 2110 2971 Corinthios,
2139 2924 2209 2976 qui
2237 2935 2370 2961 omnes
2400 2936 2471 2961 sae-

1347 2979 1438 3018 culo
1466 2980 1515 3018 It.
1546 2977 1759 3016 floruerunt
1789 2975 1847 3028 (b)
1866 3002 1876 3016 ·
1906 2975 2078 3016 Demum
2099 2977 2247 3015 nemini
2276 2979 2400 3029 ignota
2420 2984 2473 3014 est

2323 3044 2416 3069 con—

1345 3120 1430 3156 edit.
1457 3120 1569 3155 Paris.
1592 3118 1694 3164 1743·
1722 3119 1790 3154 Hic
1816 3127 1936 3154 autem
1962 3116 2277 3164 pseudo-minister
2303 3124 2377 3150 erat
2390 3115 2467 3148 Jac-

1347 3170 1565 3213 Basnagins,
1600 3167 1723 3200 multis
1749 3167 1828 3200 aliis
1864 3167 2030 3212 operibus
2057 3165 2149 3211 apud
2184 3177 2263 3199 suos
2283 3163 2465 3203 celebris,

1348 3226 1387 3250 nt
1413 3223 1534 3249 notant
1560 3212 1709 3247 editores
1723 3213 1882 3259 ejusdem
1897 3214 1940 3247 T.
1956 3214 2001 3247 V.
2017 3214 2052 3246 in
2072 3211 2307 3246 admonitione
2319 3210 2467 3256 praevia.

1393 3263 1442 3301 (ὂ)
1467 3261 1629 3305 Dionysii
1656 3261 1812 3305 epistolae
1838 3261 1882 3295 ab
1907 3260 2062 3294 Eusebio
2087 3260 2162 3292 loco
2186 3257 2296 3292 citato
2332 3265 2466 3301 septem

1348 3316 1584 3342 nrum-rantur
1600 3328 1610 3347 ‚
1635 3319 1712 3352 qua?
1738 3307 1871 3352 injuria
1898 3316 2096 3352 temporum
2120 3304 2325 3350 perierunt.
2351 3303 2466 3336 Unius

1348 3364 1469 3393 tamen
1489 3356 1734 3400 fragmentum
1762 3355 1863 3392 nohis
1901 3353 2057 3392 servavit
2081 3352 2282 3396 Eusebius,
2318 3361 2395 3397 quae
2421 3345 2465 3383 ad
