2564 3706
225 88 311 132 255

160 176 246 222 pter
275 166 466 203 Pastorum
504 159 698 210 ignaviam
717 189 727 206 ,
770 156 804 194 8<
835 156 1116 208 ignorantiam,
1161 151 1271 189 Prin—

161 225 294 272 cipum
336 214 532 260 scandala,
581 211 616 247 3<
645 211 876 264 populorum
904 210 1047 247 scelera
1085 208 1192 258 quasi
1233 207 1271 240 in

158 272 348 318 angustias
378 269 566 306 redactam
585 281 595 312 3
626 266 782 303 fuerunt
810 265 912 302 enim
934 278 978 300 ea
995 271 1162 310 tempora
1185 270 1271 308 pro·

159 315 325 372 oellosa,
355 322 496 375 quibus
521 319 617 358 Petri
645 333 781 358 navem
815 317 1029 369 agitandam
1058 325 1134 348 esse
1163 310 1274 347 Chri-

158 390 236 418 stus
266 380 344 430 ]'am
375 375 679 428 significaverat:
718 375 732 424 (
765 371 901 411 Manli.
923 368 1028 404 Vltl.
1062 366 1124 409 24.
1154 363 1271 416 seq.)

157 435 221 472 sed
252 446 325 471 non
355 432 422 469 diu
466 427 644 482 procellae
663 458 673 476 ,
716 427 750 463 8<
780 430 1012 474 tempestates
1056 418 1268 456 durarunt.

158 487 330 525 Christus
360 486 464 522 enim
483 513 493 532 ,
536 483 604 535 qui
635 492 722 520 tunc
752 479 858 531 qnasi
902 473 1070 511 dormire
1113 472 1270 510 videba-

159 550 248 589 tur,
296 539 405 579 brevi
446 536 734 589 expergefaetus
783 529 985 580 imperavit
1032 526 1177 573 ventis,
1235 525 1269 561 Sc

160 595 263 633 facta
292 604 343 632 est
388 590 670 644 tranquillitas3
720 586 753 620 ἃ
782 585 812 620 si
855 581 1063 633 aliqnando
1096 578 1270 618 Ecclesia

161 663 275 687 suum
305 646 544 699 splendorem
588 654 632 678 ex
675 653 750 676 una
799 644 904 687 parte
934 633 1093 682 amisit,
1141 646 1186 670 ex
1229 649 1270 672 a-

157 702 220 741 liis
250 711 376 754 postea
405 698 579 736 eumdem
610 694 719 731 brevi
754 690 1063 742 recuperaverit.
1094 687 1158 725 Sic
1188 687 1268 726 cla-

157 756 249 802 des,
278 768 372 807 quas
392 752 574 790 Ecclesia:
606 746 733 784 intulit
764 744 1003 781 teterrimum
1032 741 1268 781 Lutlierano-

159 823 246 847 {um
265 839 275 856 ,
306 822 349 845 ac
377 805 677 844 Calvinistarum
707 798 899 845 schisma,
930 797 1086 834 fuerunt
1114 795 1268 834 abunde

156 870 343 916 reparatae
375 862 413 897 in
443 858 529 894 novi
557 854 661 892 orbis
690 852 968 905 acquisitione,
1001 850 1068 889 ubi
1106 850 1269 902 rapidis-

154 919 254 956 simo
283 928 393 953 cursu
426 912 495 949 fuit
525 909 658 960 religio
678 905 864 946 catholica
885 914 1092 957 propagata
1110 935 1120 953 ,
1150 903 1184 940 ἃ
1206 904 1270 941 ho·

156 970 312 1008 diedum
349 965 616 1005 florentissima
648 969 921 1008 conservatur,
943 972 1168 1012 semperque
1189 972 1270 996 ma-

154 1026 212 1076 gis
241 1020 452 1059 extenditur
469 1043 478 1056 .

214 1075 304 1127 367.
337 1075 418 1112 Imo
447 1074 476 1111 si
508 1069 808 1109 haec⁴Ecelesfae
839 1067 941 1106 mala
980 1067 1155 1105 attentius
1185 1080 1271 1104 con-

154 1130 322 1169 siderare
354 1127 537 1173 velimus,
576 1125 775 1162 manifeste
804 1120 1037 1174 apparebit,
1081 1135 1164 1158 eam
1196 1133 1274 1157 non

155 1185 228 1222 nisi
258 1181 509 1234 omnipotenti
540 1179 615 1217 Dei
644 1179 783 1216 virtute
820 1176 1036 1214 conservari
1079 1175 1272 1224 potuisse.

158 1239 248 1290 Ipsa
277 1238 379 1274 enim
409 1242 459 1272 tot
501 1231 785 1285 tempestatibus
828 1230 952 1275 intus,
999 1227 1194 1277 forisque,
1240 1225 1273 1259 8(

153 1291 375 1342 longissimo
404 1297 573 1337 tempore
593 1285 730 1335 jactata
759 1281 845 1319 solis
876 1281 1054 1317 humanis
1083 1278 1273 1330 praesidiis

154 1345 221 1384 diu
251 1345 388 1381 durare
409 1340 627 1378 nullatenus
648 1337 826 1388 potuisset
845 1360 854 1372 .
887 1334 1044 1371 Interim
1066 1342 1192 1370 tamen
1215 1332 1274 1368 vi—

150 1400 209 1437 dit
237 1397 437 1434 „Iudaicam
469 1393 690 1438 nationem,
721 1406 742 1428 a
763 1403 838 1441 qua
868 1389 1007 1439 primae
1039 1386 1272 1439 persecutio-

153 1466 222 1489 nes
251 1459 342 1488 ortae
373 1455 484 1494 sunt,
527 1461 549 1483 a
581 1444 744 1497 propriis
774 1442 926 1480 sedibus
957 1440 1157 1492 expulsam
1176 1471 1186 1488 ,
1217 1448 1270 1477 at-

155 1518 231 1557 que
260 1517 386 1541 errare
415 1508 489 1539 toto
516 1499 608 1537 orbe
637 1499 849 1550 dispersam
868 1522 877 1533 .
925 1495 1033 1533 Vidit
1062 1495 1273 1547 imperato-

152 1572 240 1606 res,
271 1557 388 1609 Reges
409 1587 420 1605 ,
450 1554 485 1590 8<
514 1552 738 1604 PriiicipeS‚
781 1552 849 1603 qui
876 1563 965 1587 eam
995 1550 1101 1587 omni
1133 1550 1169 1588 vi
1201 1547 1273 1586 tol-

153 1611 234 1650 lere
266 1612 404 1649 frustra
441 1607 566 1647 conati
595 1616 706 1654 sunt,
749 1605 902 1644 tandem
947 1604 1064 1641 victos
1105 1615 1173 1641 suo
1214 1601 1277 1654 ju·

153 1679 200 1718 go
222 1664 422 1703 humiliter
442 1662 541 1702 colla
562 1661 784 1700 submittere
802 1686 811 1697 .
842 1658 951 1696 Vidit
972 1656 1170 1695 liaereticos
1192 1669 1276 1695 suos

156 1720 320 1758 rebelles
348 1717 449 1757 filios
498 1716 616 1755 variis
658 1712 896 1767 temporibus
925 1721 1053 1750 contra
1082 1725 1118 1749 se
1149 1710 1244 1748 dolis
1262 1741 1272 1758 ,

153 1773 384 1820 fraudibus,
415 1771 448 1808 &
471 1771 612 1822 saepius
640 1770 755 1807 etiam
786 1769 904 1806 armis
935 1776 1063 1819 aperta
1094 1764 1273 1802 rebellio-

156 1841 206 1866 ne
235 1828 456 1877 insurgere5
500 1824 564 1863 sed
592 1824 743 1861 eosdem
772 1823 886 1860 etiam
919 1820 1014 1861 vidit
1032 1850 1041 1868 ‚
1073 1819 1275 1858 communi

156 1881 334 1920 omnium
364 1880 553 1917 bonorum
583 1876 823 1915 anathemate
853 1884 1082 1926 prostratos,
1115 1888 1159 1912 ac
1190 1882 1275 1912 tan-

155 1935 249 1972 dem
277 1934 384 1971 ocius
412 1933 531 1970 serius
559 1931 759 1982 dissipatos
781 1955 790 1968 .
830 1929 871 1966 Id
901 1937 1000 1964 certe
1028 1941 1105 1964 non
1135 1927 1275 1965 huma-

157 1989 220 2028 nis
249 1987 418 2032 viribus,
449 1986 512 2022 sed
541 1985 654 2022 unice
683 1981 766 2032 ejus
794 1981 933 2019 virtute
960 1981 1177 2029 contingere
1207 1992 1275 2030 po-

157 2050 281 2088 terat,
306 2041 378 2092 qui
407 2052 445 2075 se
466 2051 554 2076 cum
576 2036 753 2074 Ecclesia
782 2035 958 2072 futurum
979 2045 1098 2084 usque
1118 2031 1167 2070 ad
1186 2045 1278 2069 con-

105 2117 107 2127 =
159 2095 451 2134 summationem
472 2089 606 2128 saeculi
626 2089 874 2140 promiserat,
896 2096 936 2124 ut
956 2098 1171 2137 numquam
1187 2098 1279 2123 con-

154 2157 215 2187 tra
244 2160 328 2185 eam
359 2152 477 2197 portae
509 2144 622 2182 inferi
654 2140 866 2193 praevalere
896 2146 1071 2191 possent.

215 2200 309 2241 568.
339 2198 432 2249 O-bj.
454 2197 525 2236 ult.
555 2195 724 2235 Diffusio
743 2193 997 2248 quantumvis
1020 2191 1193 2229 maxima
1211 2204 1279 2242 po-

160 2264 230 2295 test
260 2255 462 2293 convenire
489 2253 607 2290 etiam
637 2250 781 2287 errori:
813 2248 909 2301 quid
937 2248 1042 2285 enim
1071 2244 1167 2282 olim
1198 2259 1280 2284 ma-

157 2312 215 2364 gis
243 2308 320 2347 late
349 2316 507 2360 patens,
537 2318 655 2359 quam
685 2303 928 2356 superstitio,
972 2301 1007 2336 δε
1035 2298 1249 2338 idololatria
1267 2329 1279 2347 ‚

156 2378 249 2418 quae
281 2372 397 2400 totum
427 2367 682 2414 occupaverat
720 2355 888 2396 orbem?
930 2354 1017 2393 Non
1054 2354 1172 2406 igitur
1201 2354 1280 2391 suf-

160 2419 244 2458 ficit
272 2416 460 2455 Ecclesiae
483 2414 667 2453 Romana:
699 2425 767 2464 per
796 2419 918 2449 totum
946 2409 1079 2447 orbem
1101 2407 1279 2457 diffusio,

158 2473 209 2514 ad
239 2470 485 2524 probandum
515 2469 637 2521 ipsius
665 2465 880 2504 doetrinam
910 2478 986 2503 esse
1015 2476 1171 2501 veram.

215 2525 307 2578 569.
337 2524 453 2577 Resp.
482 2522 741 2561 Diffiisionem
772 2517 891 2558 solam
910 2550 921 2568 ‚
959 2517 994 2553 ἃ
1024 2518 1061 2555 in
1091 2531 1128 2555 se
1157 2515 1283 2554 consi—

153 2581 331 2619 deratam
361 2584 439 2616 non
469 2591 547 2615 esse
576 2585 702 2614 notam
732 2575 903 2612 veritatis
923 2604 934 2622 ,
971 2572 1069 2611 bene
1098 2584 1188 2610 vero
1209 2600 1220 2617 ,
1248 2571 1283 2608 si

161 2633 350 2687 spe->stetur
367 2663 378 2681 ,
408 2640 449 2670 ut
477 2646 498 2669 a
518 2629 669 2669 Christo
689 2629 887 2667 Servatore
915 2635 1044 2665 nostro
1074 2623 1282 2678 praedicta,

165 2697 206 2726 ut
235 2700 372 2740 nempe
402 2686 589 2738 possimus
618 2685 671 2723 ita
702 2683 868 2721 firmiter
903 2681 1104 2732 colligere:
1146 2677 1284 2718 Eccle-

163 2744 231 2780 siae
261 2755 363 2780 verae
384 2740 570 2793 promissa
599 2747 650 2777 est
678 2737 728 2776 ab
758 2738 878 2789 ipsius
907 2735 1127 2782 fundatore,
1157 2732 1192 2769 &
1220 2747 1284 2770 ca-

164 2796 241 2847 pite
269 2795 419 2833 Christo
447 2793 616 2831 Domino
644 2791 730 2831 talis
759 2790 975 2843 amplitudo
992 2819 1002 2836 ,
1034 2797 1073 2825 ut
1101 2795 1177 2825 toto
1205 2787 1283 2824 dif-

167 2849 347 2886 fundatur
374 2848 488 2886 orbe:
531 2848 637 2900 atqui
668 2846 737 2884 soli
766 2844 953 2884 Ecclesiae
981 2842 1168 2880 *Romanae
1207 2841 1283 2878 rei-

165 2915 235 2954 psa
264 2901 349 2939 talis
377 2902 592 2954 amplitudo
634 2901 827 2939 convenit:
870 2912 959 2950 ergo
1002 2896 1081 2935 sola
1110 2896 1286 2934 Romana

168 2954 345 2994 Ecclesia
373 2964 424 2993 est
452 2970 569 2994 vera.
614 2954 687 2992 Vel
716 2953 850 2992 saltem
887 2952 959 2990 hoc
1003 2951 1137 2989 modo:
1180 2962 1282 2987 verae

169 3007 358 3049 Ecclesia:
379 3011 561 3058 promissa
585 3019 640 3048 est
661 3024 682 3047 a
702 3007 854 3046 Christo
881 3005 1036 3045 diffusio
1066 3017 1134 3055 per
1162 3012 1284 3040 totum

169 3061 334 3107 orbem3
364 3061 426 3098 sed
456 3061 563 3099 sestae
583 3063 871 3101 Protestantium
890 3091 901 3109 ,
932 3069 996 3098 aut
1025 3056 1286 3097 schismatico-

172 3128 263 3156 :um
291 3114 392 3154 hanc
421 3113 661 3155 diffusionem
689 3129 766 3155 non
795 3115 954 3155 habent:
983 3125 1074 3166 ergo
1101 3125 1179 3151 non
1198 3118 1288 3151 sunt

618 74 768 121 PARS
799 72 856 119 Π.
889 69 1292 118 DISSERTATIO
1325 66 1404 111 ΙΙΙ.
1437 62 1566 110 CAP.
1589 58 1692 110 VII.
1724 62 1863 110 ART.
1895 63 1975 110 IV.

1338 161 1428 185 vera
1457 145 1599 184 Christi
1619 145 1820 191 Ecclesia3
1849 147 1880 184 si
1908 154 2035 185 autem
2065 157 2154 184 vera
2175 142 2349 186 Ecclesia
2377 161 2458 190 non

1340 210 1391 237 est
1421 201 1524 250 apud
1553 201 1679 250 ipsos,
1721 199 1881 235 indubie
1910 200 2012 245 apud
2055 211 2118 236 nos
2149 201 2240 236 etit.
2285 199 2459 241 Ulterius
2486 224 2488 227 >

1340 253 1514 305 gentium
1556 251 1772 303 superstitio
1813 251 2048 298 inconstans,
2093 251 2127 287 ἃ
2157 256 2263 291 varia
2306 268 2456 307 sefflpeg:

1342 308 1442 354 fuit,
1485 306 1518 342 ἃ
1547 306 1629 357 ipsa
1660 305 1876 342 diversitate
1905 303 2076 340 locorum
2095 335 2105 352 ,
2149 321 2193 344 ac
2222 307 2458 359 papiliorum

1340 360 1518 406 diversa3
1561 358 1738 398 Ecclesia
1778 367 1907 396 autem
1935 356 2076 394 Christi
2120 372 2294 411 sempe-r,
2349 362 2382 398 ἃ
2414 376 2460 400 n·

1339 414 1457 466 bique
1487 413 1647 460 eadem,
1678 411 1712 447 8(
1734 412 1771 449 in
1800 413 1877 450 suis
1905 411 2148 462 dogmatibus
2177 414 2459 454 immutabilis.

1341 467 1511 505 Demuin
1540 466 1758 517 superstitio
1789 465 1924 504 habuit
1954 466 2099 512 finem,
2145 465 2282 503 virtute
2313 469 2459 509 Christi

1339 521 1500 559 Domini
1531 520 1679 572 ubique
1710 521 1787 556 sere
1817 518 1987 564 abolita3
2017 532 2107 556 vera
2137 529 2267 556 autem
2282 520 2459 563 Ecclesia

1338 589 1405 612 nec
1435 575 1559 612 defuit
1589 587 1788 624 unquam,
1818 586 1887 609 nec
1916 573 2078 610 deficere
2109 581 2255 624 potest.

1393 628 1486 679 570⁴.
1516 625 1726 665 Scholion.
1771 625 1910 664 Multis
1940 626 2138 674 sensibus,
2184 635 2222 664 ut
2252 642 2370 680 supra
2400 631 2459 669 in-

1338 682 1491 719 nuimus
1509 711 1520 729 ,
1558 679 1732 718 Ecclesia
1760 678 1861 718 dista
1890 687 1971 727 est,
2003 680 2036 715 δε
2066 680 2144 717 dici
2175 690 2293 732 potest
2322 682 2460 720 catho-

1338 736 1416 773 lica
1434 765 1444 783 ,
1475 748 1541 772 seu
1571 734 1830 778 unis-ersale‘s;
1860 745 1935 770 non
1957 741 2082 770 tamen
2099 746 2142 769 eo
2171 748 2280 772 seusu
2300 766 2310 783 ,
2342 750 2460 788 quem

1337 788 1451 828 multi
1472 789 1700 826 Heterodoxi
1730 800 1775 824 ex
1797 788 1874 825 suis
1903 787 2109 838 principiis
2131 800 2270 839 ponere
2299 790 2461 828 adstrin—

1338 852 1506 895 guntur,
1539 851 1578 880 ut
1607 841 1752 880 scilicet
1781 840 2081 891 comprehendat
2111 841 2169 878 vel
2201 854 2357 891 omnes,
2400 844 2462 883 vel

1339 897 1472 935 saltem
1503 897 1719 949 praecipuas
1739 895 1968 933 Christianae
1992 893 2200 945 Religionis
2227 895 2371 942 sech-:193
2402 899 2464 936 vi—

1340 951 1478 988 delicet
1507 963 1638 988 omnes
1668 949 1783 998 illas,
1826 962 1914 1003 quae
1945 950 1983 986 in
2013 948 2186 986 articulis
2231 950 2462 989 fundamen-

1341 1005 1485 1042 talibus
1514 1004 1773 1042 conveniunt.
1803 1005 1944 1041 Contra
1967 1001 2038 1039 hoc
2069 1016 2233 1055 sysxenia
2251 1034 2261 1052 ,
2290 1005 2392 1056 quod
2415 1018 2462 1043 ex

1342 1058 1494 1096 sublata
1522 1070 1729 1110 suprema,
1774 1056 1808 1093 8(
1839 1055 2042 1094 infallibili
2072 1056 2257 1095 Ecclesiae
2296 1056 2463 1096 auctori-

1341 1121 1414 1150 tate
1461 1112 1672 1149 necessario
1702 1110 1814 1159 ssuit,
1858 1111 2036 1162 quodque
2084 1111 2185 1160 apud
2217 1111 2465 1151 protestantes

1344 1164 1510 1214 majores
1539 1177 1688 1214 semper
1718 1165 1818 1201 vires
1847 1164 2038 1214 acquirit,
2069 1166 2158 1201 satis
2179 1163 2324 1202 dictum
2347 1167 2464 1205 estin

1343 1218 1539 1269 superiore
1560 1217 1820 1253 dissertatione
1841 1228 1876 1253 c.
1899 1215 1966 1251 VI.
1988 1215 2021 1250 8(
2044 1216 2131 1254 VH.
2161 1218 2360 1257 Concludo
2381 1233 2466 1257 ver-

1342 1272 1402 1309 bis
1432 1269 1620 1308 Laetamur
1641 1269 1730 1306 Lib.
1752 1269 1821 1306 lV.
1850 1267 1985 1305 Dio-tn.
2007 1267 2138 1306 Instit.
2159 1284 2244 1320 cap.
2269 1270 2362 1309 nlt.:
2394 1273 2467 1310 So-

1343 1325 1385 1362 [ιι
1415 1328 1529 1376 igitur
1553 1322 1760 1360 catholica
1781 1320 1971 1360 Ecclesia,
2000 1331 2057 1359 esc
2074 1351 2085 1369 ,
2117 1335 2208 1372 qnae
2227 1337 2363 1361 verum
2382 1327 2468 1363 cul-

1341 1388 1427 1416 tum
1457 1381 1621 1415 retinet.
1652 1375 1734 1414 Hic
1761 1386 1818 1413 est
1836 1374 1942 1426 jons
1970 1380 2174 1421 veritatis,
2205 1375 2277 1414 lzoc
2303 1377 2468 1416 domici-

1342 1434 1441 1471 lium
1458 1431 1587 1486 fidei,
1619 1429 1690 1469 hoc
1719 1431 1911 1480 templum
1940 1429 2047 1467 Dei:
2075 1429 2177 1480 quoti
2206 1435 2239 1468 si
2268 1435 2354 1483 quis
2384 1446 2466 1471 non

1345 1491 1552 1525 intraverit
1570 1517 1580 1534 ,
1611 1486 1668 1523 cel
1697 1498 1725 1522 a
1753 1498 1828 1535 quo
1856 1487 1890 1522 si
1919 1488 2005 1535 quis
2034 1487 2229 1534 exiverit,
2259 1499 2287 1524 a
2315 1499 2385 1539 spe
2412 1490 2467 1525 vi-

1344 1551 1399 1580 tae
1416 1571 1426 1590 ,
1455 1542 1504 1582 (9¹
1533 1540 1676 1579 salutis
1704 1548 1875 1578 σείει-για.»
1903 1539 2061 1577 alienus
2087 1548 2151 1576 est
2169 1564 2181 1577 .

1716 1646 2013 1686 ARTICULUS
2043 1645 2095 1685 V.

1345 1757 1593 1806 Ostendetur,
1622 1768 1760 1796 veram
1782 1755 2017 1796 Ecclesiam
2042 1753 2185 1793 Christi
2214 1755 2355 1794 debere
2376 1769 2465 1797 esse

1399 1812 1662 1866 Apostolicam
1679 1842 1690 1856 ,
1721 1820 1842 1862 atque
1870 1809 1977 1847 lianc
1999 1818 2142 1846 notam
2173 1811 2246 1848 soli
2267 1809 2469 1850 Ecclesioe

1400 1864 1822 1905 Romano-catholicoe
1851 1866 2065 1902 convenire
2083 1889 2095 1902 .

1398 1975 1447 2024 57
1459 1989 1492 2012 r.
1508 1950 1707 2016 Ecclesia
1724 1973 1869 2012 Christi
1888 1971 2040 2011 duabus
2059 1971 2300 2024 potissimum
2317 1973 2364 2009 de
2378 1986 2469 2011 cau-

1346 2026 1396 2064 sis
1423 2027 1567 2063 dicitur
1596 2027 1847 2075 Apostollca.
1885 2025 2017 2062 Primo
2058 2036 2214 2076 propter
2256 2024 2471 2066 doeh-inam

1347 2078 1616 2130 Apostolorum
1647 2078 1812 2116 fideliter
1833 2077 2060 2115 custoditam
2078 2092 2089 2121 3
2127 2078 2294 2115 secundo
2314 2090 2476 2133 propter

1348 2140 1604 2183 perpetuam,
1634 2131 1668 2166 8<
1698 2144 1914 2182 numquam
1944 2131 2196 2183 interruptam
2227 2134 2364 2170 seriem
2397 2133 2468 2173 Pa-

1346 2193 1493 2222 storum
1511 2214 1523 2233 ,
1564 2184 1635 2236 qui
1665 2183 1858 2234 Apostolis
1885 2193 2178 2232 successerunt,
2213 2199 2303 2223 cum
2333 2187 2470 2225 Ecclea

1348 2241 1404 2277 sia
1433 2240 1515 2276 sine
1546 2237 1763 2275 Pastoribns
1792 2251 1870 2274 esse
1899 2249 1977 2274 non
2015 2237 2153 2288 possit:
2198 2238 2402 2278 definiente
2431 2255 2469 2278 e-

1348 2294 1431 2331 nim
1459 2290 1599 2331 Sanan
1627 2292 1826 2344 Cypriano
1868 2292 1980 2342 epist.
2001 2289 2148 2328 LXIX,
2180 2289 2369 2331 Ecclesia
2411 2304 2473 2333 esc

1350 2346 1456 2398 plebs
1478 2345 1707 2384 Sacerdotis
1728 2343 1918 2383 adunata
1937 2344 1987 2385 ἔθ’
2008 2342 2168 2382 Pastori
2187 2358 2256 2383 suo
2274 2360 2378 2398 grex
2397 2349 2473 2387 ad-

1349 2400 1534 2439 haerens.
1572 2400 1670 2438 Haec
1700 2408 1829 2437 autem
1860 2399 2048 2437 successio
2077 2411 2153 2436 non
2182 2399 2295 2437 debet
2322 2414 2473 2453 semper

1347 2469 1427 2492 esse
1455 2453 1727 2502 immediata,
1771 2466 1862 2491 cum
1893 2451 2066 2505 Apostoli
2110 2465 2183 2490 non
2227 2454 2475 2494 fundaverint

1345 2523 1480 2548 omnes
1500 2508 1694 2547 Ecclesias
1714 2506 1968 2560 particulares
1983 2537 1994 2556 ,
2024 2505 2135 2545 debet
2154 2516 2282 2545 tamen
2303 2522 2380 2546 esse
2399 2509 2476 2548 sal-

1350 2573 1428 2602 tem
1449 2563 1636 2601 mediata
1652 2593 1663 2611 ‚
1694 2563 1747 2600 ita
1768 2570 1808 2599 ut
1827 2574 1959 2599 omnes
1980 2560 2134 2599 tandem
2157 2560 2342 2600 Ecclesiae
2361 2577 2474 2603 suam

1350 2620 1540 2670 originem
1561 2633 1581 2655 a
1602 2617 1741 2669 primis
1760 2615 1840 2654 illis
1856 2614 2084 2668 Apostolicis
2112 2614 2260 2653 trahant
2278 2645 2288 2664 ,
2320 2615 2354 2652 St
2374 2617 2473 2667 sint,

1352 2681 1394 2710 ut
1421 2687 1484 2711 eas
1514 2670 1730 2724 appellavit
1759 2668 2026 2707 Tertullianus
2054 2667 2102 2706 de
2129 2673 2350 2720 praescript.
2372 2669 2474 2709 Hae-

1352 2731 1510 2765 reticor.
1553 2740 1641 2778 cap.
1682 2738 1776 2774 2⁰0,
1823 2722 2107 2761 Ecclesiarum
2149 2724 2473 2775 Apostolicorum

1351 2780 1524 2820 soboles.

1407 2835 1500 2887 572.
1530 2833 1656 2872 Nimis
1684 2832 1840 2885 longum
1870 2839 1990 2879 esset,
2034 2829 2069 2866 8<
2097 2846 2119 2869 a
2148 2833 2327 2883 praesenti
2365 2833 2472 2872 insti-

1352 2897 1433 2927 tuto
1461 2889 1660 2933 alienum,
1701 2888 1749 2925 de
1795 2884 1957 2938 singulis
1986 2884 2174 2923 Ecclesia:
2219 2896 2351 2924 nostrae
2383 2887 2473 2940 dog-

1353 2943 1526 2982 matibus
1567 2954 1730 2980 examen
1772 2941 1997 2987 instituere,
2041 2948 2158 2991 atque
2186 2941 2379 2978 ostendere
2409 2942 2474 2979 do-

1355 2997 1517 3035 &tinam
1553 3005 1719 3034 nostram
1765 3008 1842 3032 esse
1881 3007 1968 3032 vere
1997 2992 2299 3044 Apostolicam.
2345 2995 2403 3032 Ao‘.
2431 2993 2472 3032 id

1354 3061 1484 3090 tamen
1513 3048 1739 3103 generaliter
1767 3047 2077 3087 confirmandum
2106 3062 2150 3085 ea
2180 3047 2355 3086 sufficere
2384 3060 2469 3098 pos-

1353 3116 1470 3156 sunt,
1512 3104 1657 3158 quihus
1685 3116 1802 3156 supra
1830 3116 1918 3156 cap.
1938 3101 2006 3140 111.
2036 3102 2290 3149 ostendimus,
2334 3099 2471 3138 Eccle-

2317 3168 2416 3193 stam

173 3293 392 3328 cessionem,
431 3300 514 3324 cum
534 3286 687 3323 haereses
710 3288 834 3323 multis
857 3288 892 3322 in
918 3289 1003 3325 locis
1029 3296 1161 3324 exortae
1190 3296 1313 3322 veram
1340 3281 1476 3318 Christi
1501 3279 1604 3315 fidem
1616 3299 1631 3319 ,
1666 3280 1699 3312 &
1723 3278 1973 3324 Apostolorum
1997 3273 2223 3310 traditionem
2263 3275 2470 3312 subvertere

173 3337 393 3372 conabantur
402 3357 415 3367 0
