2457 3710
598 325 1188 410 PRAEFATIO
1251 330 1845 410 GENERALIS

270 520 358 622 ΙΝ
405 557 581 643 QUA
625 555 876 620 RAT1o
918 553 1025 615 Ac
1069 550 1517 616 METHoDUS
1561 552 1856 617 TOTIUS
1900 554 2172 622 oPEms

832 765 1180 821 ‘BREVITER
1215 765 1614 820 EXPONITUR
1638 795 1643 805 ·

174 1303 286 1399 Ut
320 1344 426 1411 quid
463 1363 576 1411 opus
612 1357 702 1394 erat
736 1345 783 1393 in
807 1355 924 1393 tanta
947 1343 1167 1394 librorum
1191 1342 1552 1410 theologicorum
1589 1346 1809 1413 farragine
1830 1387 1840 1403 ‚
1881 1347 2040 1414 quihus
2065 1368 2224 1399 omnes
2260 1351 2329 1398 bi»

103 1410 427 1460 bliothecarum
464 1414 598 1476 plutei
634 1413 911 1470 redundant,
962 1415 1087 1460 novis
1124 1413 1192 1459 his
1225 1414 1527 1461 voluminibus
1562 1413 1818 1461 litterariam
1859 1417 2183 1479 rempublicam
2218 1436 2330 1465 one-

101 1494 197 1524 rare
233 1479 410 1541 potius,
453 1497 589 1541 quam
623 1479 799 1526 ditare?
854 1481 916 1526 Et
949 1480 983 1525 si
1022 1479 1089 1525 his
1125 1495 1238 1541 opus
1274 1491 1392 1534 crat,
1440 1497 1592 1525 annon
1630 1483 1759 1527 toties
1794 1483 1886 1543 jam
1921 1485 2118 1545 repetitae
2155 1496 2334 1531 tuarum

100 1544 443 1591 Praelectionum
462 1579 474 1599 ‚
510 1545 619 1590 ultra
637 1578 650 1598 ‚
685 1545 880 1607 citraque
904 1557 1078 1591 montes
1098 1543 1313 1590 editiones
1337 1545 1465 1604 plane
1483 1545 1789 1600 sufficiebant,
1826 1548 1934 1608 quin
1959 1564 2075 1594 nova
2094 1549 2175 1596 hac
2199 1550 2333 1612 praela

98 1619 246 1655 nostra
284 1609 605 1669 fatigarentur?
639 1606 761 1668 Quid
779 1609 888 1651 boni
910 1640 922 1660 ,
957 1618 1032 1650 aut:
1067 1605 1174 1667 quid
1200 1608 1300 1650 novi
1339 1606 1467 1650 nobis
1502 1623 1547 1651 es
1583 1609 1812 1661 allaturus,
1849 1621 1896 1654 ut
1933 1614 2121 1671 proinde
2158 1616 2331 1662 labores

101 1685 233 1730 tuos,
268 1684 342 1719 aut
376 1672 468 1718 aliis
502 1671 762 1726 utilitatem,
799 1683 873 1717 aut
907 1669 986 1715 tibi
1022 1670 1180 1726 decus,
1240 1687 1288 1715 ac
1323 1669 1512 1733 gloriam
1548 1671 1752 1718 allaturos
1789 1691 1906 1730 esse,
1941 1691 2116 1737 sperare
2150 1681 2334 1741 possis?

102 1740 194 1795 Ita,
258 1749 300 1784 et
336 1739 518 1785 fortasse
555 1738 688 1784 etiam
723 1738 851 1800 pejus
885 1747 934 1782 ut
970 1738 1165 1799 primum
1202 1734 1273 1782 hae
1310 1754 1421 1782 meae
1457 1736 1771 1785 Praelectiones
1807 1741 1850 1785 in
1890 1738 2118 1802 publicum
2155 1746 2331 1806 prodie=

97 1806 208 1861 rint,
258 1805 370 1851 mihi
408 1802 522 1850 bene
558 1805 721 1850 multos
756 1820 1076 1859 succensuros,
1112 1812 1234 1848 certo
1269 1802 1429 1849 certius
1464 1805 1700 1866 praesentio
1722 1839 1733 1851 .
1792 1806 1974 1853 Horum
2010 1818 2158 1854 autem
2194 1813 2335 1857 mole⁴

99 1873 171 1918 stis
192 1907 203 1926 ‚
241 1869 596 1934 importunisque
634 1868 1060 1933 interpellationibus
1095 1885 1189 1915 non
1226 1868 1296 1915 illa
1331 1879 1429 1914 utar
1463 1871 1755 1932 responsione
1781 1905 1793 1928 ‚
1830 1873 1912 1920 Sic
1937 1873 2166 1932 placitum
2189 1878 2332 1937 suit;

99 1947 141 1982 et
176 1952 278 1983 cum
314 1952 450 1982 nemo
473 1937 528 1981 ad
564 1934 660 1981 haec
685 1952 784 1982 mea
820 1935 1007 1998 legenda
1043 1946 1255 1998 cogatur,
1291 1936 1518 1981 neminem
1546 1937 1734 2000 proinde
1771 1954 1843 1984 me
1878 1939 1990 2000 juste
2027 1942 2225 2005 culpare,
2261 1953 2335 1989 aut

97 2001 427 2066 reprehendere
463 2017 623 2064 posse,
658 2001 782 2066 quod
818 2019 868 2048 ea
894 2001 1044 2048 denuo
1080 2000 1421 2065 publicaverim3
1457 2002 1535 2048 sed
1558 2020 1681 2050 veras
1716 2002 1851 2066 hujus
1885 2005 1973 2051 mci
2002 2009 2226 2071 ¹propositi
2263 2026 2332 2056 ra-

98 2070 241 2115 tiones
290 2066 505 2125 afferam,
558 2066 719 2132 quibus
754 2069 820 2114 sin
858 2068 1006 2114 minus
1044 2067 1252 2114 omnibus
1286 2068 1523 2114 consilium
1557 2085 1709 2117 meum
1746 2070 1970 2135 probare5
2006 2075 2230 2138 meipsum
2251 2077 2334 2122 sal-

101 2145 189 2182 tem
224 2134 279 2181 ab
313 2134 441 2180 omni
476 2134 732 2181 temeritatis
767 2145 872 2180 nota
908 2133 1092 2181 liberare
1130 2152 1290 2199 posse,
1327 2133 1542 2181 confido.

167 2201 418 2249 Tenuitatis
455 2218 566 2247 meae
603 2201 760 2248 intime
795 2201 997 2247 conscius
1034 2217 1282 2264 numquam
1317 2212 1432 2246 certe
1460 2201 1504 2246 in
1541 2213 1659 2248 tanta
1693 2202 1937 2251 litterarum
1975 2206 2099 2262 luce,
2137 2225 2186 2254 ac
2219 2208 2333 2255 litte-

100 2277 300 2314 ratorum
336 2265 575 2314 hominum
615 2267 860 2330 frequentia
894 2267 949 2313 de
985 2267 1133 2330 aliquo
1170 2264 1345 2313 edendo
1365 2265 1478 2313 libro
1513 2269 1807 2330 cogitassem,
1846 2272 1927 2318 nisi
1966 2273 2187 2337 Augustae
2208 2273 2332 2321 MA-

100 2332 233 2381 RIAE
270 2333 649 2389 THERESIAE,
689 2351 790 2397 quae
826 2332 880 2379 ad
917 2331 1249 2397 Theologicam
1284 2331 1540 2379 cathedram
1576 2335 1622 2379 in
1658 2334 1975 2393 celeberrima,
2014 2350 2055 2383 et
2090 2341 2334 2402 antiquissi-

97 2415 170 2444 ma
208 2399 560 2449 Vindobonensi
586 2400 883 2448 Universitate
919 2399 1263 2455 moderandam,
1301 2417 1372 2445 me
1406 2399 1617 2462 singulari
1652 2401 1883 2448 clementia
1914 2415 2172 2460 vocaverat,
2209 2406 2328 2451 mul-

99 2465 270 2528 iisque,
305 2484 353 2512 ac
373 2467 548 2530 magnis
571 2477 858 2513 exornaverat
877 2465 1135 2522 beneficiis,
1171 2465 1454 2530 compulisset
1479 2466 1739 2513 auctoritas.
1776 2468 2008 2532 Supremis
2042 2479 2173 2516 tantae
2194 2472 2328 2518 ΜΑ-

87 2529 411 2590 ,ΠΕΞΤΑΤἸΞ
447 2534 574 2593 jussis
610 2532 939 2595 obtemperavI‚
987 2532 1063 2578 sed
1099 2533 1342 2579 admodum
1380 2531 1566 2591 invitus;
1622 2543 1780 2595 'postea
1815 2546 1963 2581 tamen
2001 2535 2328 2599 obtemperasse

100 2611 172 2641 me
209 2613 444 2660 nunquam
479 2597 714 2660 poenituit,
757 2615 859 2642 cum
896 2598 987 2642 aliis
1021 2598 1075 2644 de
1101 2600 1264 2655 causis,
1301 2610 1396 2644 turn
1433 2599 1562 2645 etiam
1603 2601 1704 2662 quia
1741 2599 1914 2646 labores
1950 2620 2072 2648 meos
2108 2613 2228 2648 tanto
2267 2604 2329 2648 fa-

98 2678 202 2708 vore
238 2663 381 2725 excipi
419 2663 538 2719 vidi,
586 2674 634 2708 ut
669 2663 780 2709 intra
816 2679 981 2725 paucos
1018 2678 1158 2711 annos
1195 2664 1265 2712 hae
1300 2664 1615 2711 Praelectiones
1649 2666 1811 2729 saepius
1846 2668 1890 2712 in
1928 2668 2069 2714 lucem
2106 2667 2329 2730 publicam

99 2728 371 2791 prodierint,
428 2747 573 2793 neque
609 2729 655 2775 in
692 2728 936 2777 Germania
972 2728 1146 2787 solum,
1183 2731 1260 2777 sed
1295 2731 1426 2776 etiam
1461 2730 1508 2775 in
1544 2730 1781 2778 cultissima
1818 2744 1964 2779 nostra
2001 2733 2153 2792 Italia;
2199 2746 2329 2798 atque

100 2794 250 2840 omnia
288 2812 444 2842 eorum
481 2795 749 2859 exemplaria
787 2796 842 2841 ita
879 2794 997 2841 brevi
1034 2795 1234 2843 distracta
1270 2797 1420 2849 suere,
1457 2808 1505 2841 ut
1529 2797 1739 2845 Venetus
1772 2798 2024 2863 Bibliopola
2062 2816 2155 2845 non
2190 2798 2325 2847 semel

98 2860 149 2905 ad
188 2877 347 2907 novam
369 2897 380 2917 ‚
417 2861 771 2926 amplioremque
807 2861 1064 2908 earumdem
1099 2863 1339 2909 editionem
1378 2861 1624 2908 faciendam
1660 2882 1732 2909 me
1769 2863 2043 2911 sollicitaret,

167 2926 265 2988 Ego
302 2946 406 2975 vero
443 2946 496 2974 eo
520 2927 724 2974 libentius
760 2927 923 2991 ipsius,
961 2938 1001 2972 et
1026 2929 1322 2991 quorumdam
1360 2928 1492 2974 etiam
1512 2929 1784 2975 Amicorum
1818 2930 2208 2979 sollicitationibus
2230 2946 2326 2978 'mo-

101 3009 192 3038 rem
219 2996 464 3054 gerendum
490 2994 727 3059 putabam,
763 2995 885 3058 quod
912 2994 1078 3056 jamdiu
1102 3010 1386 3057 summopere
1424 3011 1630 3056 cuperem
1659 3006 1902 3042 extremam
1940 2997 1990 3043 iis
2026 3015 2210 3045 manum
2249 3017 2324 3060 ap-

98 3076 293 3122 ponere,
329 3072 375 3105 ut
412 3079 434 3106 a
459 3061 724 3124 quibusdam
747 3061 920 3106 mendis
946 3071 1226 3124 expurgatae,
1263 3071 1304 3105 et
1339 3059 1480 3105 multo
1499 3059 1723 3107 auctiores
1742 3063 1970 3125 prodirent
1993 3100 2003 3118 ‚
2043 3082 2133 3128 quo
2161 3064 2320 3110 Theo-

98 3127 230 3190 logiae
265 3126 494 3182 studiosis,
531 3144 725 3191 quorum
750 3127 848 3172 usui
887 3126 1118 3173 elaboratae
1144 3136 1296 3180 erant,
1332 3126 1526 3171 utiliores
1550 3137 1728 3173 essent.
1765 3128 1818 3173 Id
1849 3140 1998 3175 autem
2025 3132 2115 3192 jam
2152 3131 2320 3175 dudum

98 3191 404 3261 perfecissem,
440 3192 520 3238 nisi
558 3194 664 3239 meis
701 3193 924 3239 desideriis
958 3196 1135 3254 gravia,
1170 3202 1213 3236 et
1246 3192 1382 3236 multa
1414 3209 1460 3236 se
1494 3209 1539 3238 se
1577 3194 1894 3255 opposuissem
1933 3195 2180 3241 obstacula.
2226 3195 2320 3239 Pri-

97 3277 175 3315 mo
211 3259 330 3303 enim
367 3258 522 3311 variis,
555 3257 824 3322 assiduisque
860 3257 1036 3306 Scholae
1071 3257 1285 3305 exercitiis
1321 3268 1537 3320 occupato
1573 3275 1668 3303 non
1710 3259 1898 3304 multum
1938 3262 2150 3324 temporis
2183 3275 2319 3321 supe-

93 3337 238 3379 rerat,
276 3323 470 3386 illudque
507 3324 652 3386 ipsum
688 3325 732 3370 in
753 3325 843 3372 aliis
877 3321 1142 3386 quibusdam
1165 3321 1284 3370 libris
1317 3322 1557 3371 scribendis
1581 3324 2106 3375 AUGUSTISSIMAE
2136 3325 2319 3437 ἒΕᾹΡΕψ

237 3422 247 3430 „
467 3424 473 3429 ,
2166 3413 2184 3437 ι
2235 3417 2254 3426 -
