2564 3706
823 140 906 185 DE
940 140 984 184 S.
1017 139 1208 185 PEPRO
1241 139 1452 185 APOST.
1487 139 1797 189 PRINCIPE.

149 221 220 261 ubi
249 235 381 260 omnes
406 219 571 273 Apostoli
601 233 647 260 ex
674 221 804 264 ordine
824 230 1090 270 recensentur,
1118 223 1263 274 primas

149 289 301 329 semper
331 275 438 312 Petro
478 275 589 324 dari,
638 285 677 312 ut
706 289 819 327 supra
849 288 1036 313 ostensum
1079 287 1131 314 est
1161 274 1262 314 n.'5.

148 329 229 368 Nee
271 342 360 368 vero
390 328 642 379 Evangelistis
682 331 896 367 contrarius
937 338 989 366 est
1019 329 1060 366 S.
1091 328 1229 367 Paulus
1251 356 1262 370 .

146 382 249 421 Nam
281 383 320 420 in
355 396 388 420 ι.
419 383 464 422 ad
494 381 669 420 Corinth.
700 397 738 421 c.
757 384 785 420 Ι.
817 396 905 421 cum
936 383 1011 420 ait:
1045 383 1262 435 Uniieqnis-

145 448 224 488 que
251 446 424 474 restrum
453 436 573 474 dicit:
605 435 695 489 Ego
725 436 881 488 quidem
912 450 999 474 swn
1023 435 1160 484 Pauli,
1190 451 1262 488 ego

146 488 313 540 Apollo,
361 494 434 543 ego
463 502 551 527 vero
584 488 754 539 Cep'zae,
803 504 876 543 ego
918 499 1055 528 au‘ein
1089 490 1229 528 C'zristi
1251 521 1260 539 ,

147 543 348 582 manifeste
374 544 547 596 loquitur
576 544 706 582 ordine
737 547 911 592 inverso,
960 544 994 580 8<
1025 553 1262 596 postremum

147 595 278 636 locum
309 598 381 636 sibi
412 609 457 634 ex
489 597 666 635 modestia
697 598 860 646 tribuit,
892 599 1126 648 superiorem
1150 598 1266 650 Apol·

146 649 213 699 lo,
243 651 368 690 adhuc
399 649 586 702 majorem
616 650 750 699 Petro,
781 666 1004 704 supremum
1026 651 1202 690 Christo.
1233 652 1266 689 1-

145 704 305 754 dipsum
343 705 434 742 facit
464 706 504 743 in
546 704 634 743 aliis
676 705 826 743 duobus
868 706 1058 758 capitibus
1088 706 1182 753 1il.,
1232 705 1265 742 &

145 756 218 796 lX.
249 757 420 808 ejusdem
451 758 622 811 epistolae
641 789 651 807 ,
680 773 829 811 semper
851 758 1003 798 Petrum
1024 768 1191 796 extremo
1212 759 1266 796 lo-

141 820 190 848 co
220 813 421 851 nominans
450 813 642 864 dignitatis
671 826 785 851 causa
803 839 813 850 .
846 814 884 849 ln
914 811 1070 864 epistola
1103 826 1190 851 vero
1218 813 1266 850 ad

145 863 237 903 Gal.
268 875 401 917 putant
430 867 542 904 multi
564 866 704 904 factam
736 881 812 905 esse
834 866 1128 918 Exscriptoruin
1161 867 1266 903 iucu—

139 918 202 957 ria
245 922 601 971 transpositionem,
649 919 684 956 8<
728 918 933 971 legendum
972 933 1050 957 esse
1083 918 1264 968 Ceplzas,

139 971 193 1012 (θ’
220 971 391 1012 Iacobus
408 1004 418 1022 ,
460 976 509 1014 Θ
539 973 745 1020 Ioannes,
784 973 977 1025 quomodo
995 974 1108 1024 apud
1137 971 1265 1024 Chry-

140 1036 348 1065 sostomum
367 1057 379 1076 ,
409 1027 694 1080 Hieronymum
711 1056 722 1074 ,
754 1026 1013 1074 Augustinum
1031 1054 1041 1071 ,
1088 1024 1263 1076 aliosque

139 1077 294 1129 Patres,
324 1093 472 1120 necnon
501 1082 542 1118 in
572 1079 835 1118 vetustissimis
863 1078 1063 1116 codicibus
1084 1107 1095 1127 ,
1134 1077 1262 1116 adhuc

141 1131 310 1185 legitur.

196 1187 262 1225 58.
293 1188 380 1225 Inst.
404 1199 441 1225 2.
483 1185 652 1235 Quando
695 1183 897 1238 Apostolus
945 1184 1260 1224 Ecclesiasticam

137 1236 400 1279 hierarchiam
444 1254 489 1278 ex
534 1240 704 1277 instituto
732 1239 913 1280 describit
937 1269 948 1287 ,
996 1249 1046 1277 ut·
1066 1239 1168 1290 Eph.
1191 1239 1260 1277 lV.

143 1293 206 1338 14.
224 1323 235 1341 ,
265 1294 299 1330 ἆ
336 1307 369 1333 1.
397 1295 487 1332 Cor.
508 1293 598 1332 XII.
631 1293 696 1332 28.
726 1292 878 1331 nullam
901 1306 1055 1345 prorsus
1084 1293 1177 1332 facit
1198 1307 1260 1331 ca-

137 1348 231 1400 pitis
259 1346 428 1399 alicujus
447 1349 704 1396 mentionem,
735 1347 768 1383 &
791 1347 993 1399 utrobique
1022 1342 1153 1400 primo*
1177 1346 1262 1384 loco

136 1400 336 1452 Apostolos
365 1403 564 1440 nominat.
594 1401 721 1449 Sane,
752 1401 879 1452 inquit
908 1400 1139 1453 Basnagius
1170 1400 1261 1453 (acl

131 1466 209 1492 nn.
231 1455 297 1494 51.
339 1468 380 1493 η.
404 1454 468 1507 78.
501 1455 516 1504 )
547 1454 744 1493 Pontificis
773 1454 939 1493 Mosaici
969 1454 1230 1494 auctoritatem
1249 1486 1260 1505 ,

134 1521 226 1561 quae
256 1508 527 1548 Sacerdotibus
557 1509 791 1562 praestabat,
831 1510 870 1547 in
900 1509 986 1547 Vet.
1016 1509 1262 1548 Testamento

128 1563 313 1601 videmus
342 1564 392 1601 ita
424 1564 539 1602 fuisse
568 1562 760 1614 depictam
779 1593 790 1611 ,
822 1573 861 1600 ut
890 1563 1036 1611 titulis,
1067 1564 1259 1613 vestibus,

129 1614 399 1664 functionibus
427 1617 477 1655 ab
498 1616 585 1656 aliis
607 1616 741 1669 templi
773 1618 954 1655 ministris
975 1626 1232 1656 secerneretur
1249 1645 1259 1656 .

131 1669 214 1707 Cur
243 1683 310 1721 ego
339 1671 509 1723 idipsum
539 1672 577 1708 in
607 1683 704 1707 novo
732 1670 901 1708 Testari).
932 1671 1077 1708 factum
1108 1681 1260 1723 nonest

128 1735 224 1761 cum
254 1722 393 1773 Petro,
441 1725 473 1763 si
515 1725 652 1763 ceteris
682 1723 872 1777 Apostolis
913 1726 1040 1777 reipsa
1074 1725 1259 1778 dignitate

128 1776 370 1829 praestabat?

188 1831 254 1883 59.
284 1830 400 1884 Resp.
431 1831 462 1870 Α
492 1831 534 1870 S.
555 1830 677 1872 Paulo
705 1833 897 1883 implicite
926 1833 966 1870 in
996 1831 1090 1872 locis
1117 1832 1255 1873 lauda-

128 1883 179 1922 tis
209 1883 423 1938 Primatum
456 1885 648 1939 intelligi,
697 1887 791 1925 dum
823 1886 1019 1938 Apostolos
1049 1889 1254 1936 nominat,

130 1937 176 1975 in
218 1938 361 1990 quibus
402 1949 484 1978 erat
514 1938 644 1978 Petrus
674 1938 866 1979 Primatus
909 1944 1166 1993 praerogativa
1194 1942 1254 1980 di-

126 1991 310 2029 stinctus:
335 1991 435 2030 alibi
465 2006 556 2031 vero
585 1994 785 2044 Scriptura
814 1993 990 2043 ejusdem
1019 1996 1253 2031 mentionem

124 2043 365 2094 explicitam
393 2045 513 2093 facit,
550 2045 586 2080 8(
614 2055 882 2096 argumentum
913 2047 1132 2096 negativum
1162 2045 1253 2084 nul-

124 2095 204 2140 iius
230 2107 286 2136 est
315 2094 487 2147 roboris,
516 2098 670 2150 quando
698 2099 861 2151 positivo
888 2100 1096 2149 opponitur
1115 2125 1127 2136 .
1176 2100 1252 2137 Ne-

123 2160 204 2204 'que
233 2165 324 2191 vero
352 2150 520 2189 multum
549 2152 685 2197 refert,
715 2152 746 2188 si
777 2163 873 2188 novo
903 2151 1148 2189 Testamento
1167 2151 1251 2189 Pri-

124 2213 252 2244 matus
281 2205 538 2258 praerogativa
566 2204 729 2241 externis
759 2203 806 2241 iis
828 2202 1016 2240 honorum
1045 2205 1162 2256 signis
1190 2205 1250 2243 di-

125 2259 264 2298 stincta
293 2272 368 2296 non
395 2266 477 2305 est,
517 2255 664 2310 quibus
693 2257 735 2295 in
765 2257 881 2296 veteri
912 2256 1117 2310 Synagoga
1145 2272 1249 2296 sum-

126 2312 184 2351 mi
215 2311 436 2351 Sacerdotes
466 2311 520 2348 uti
549 2308 751 2359 solebant,
799 2311 1016 2363 praesertim
1045 2314 1076 2349 si
1114 2311 1249 2365 loqua-

122 2377 215 2404 mur
242 2365 289 2402 de
315 2379 360 2403 ea
389 2372 529 2413 astate,
559 2377 636 2416 qua
664 2363 838 2403 Ecclesia
865 2364 1008 2403 Christi
1036 2364 1088 2403 oh
1117 2366 1248 2405 furen-

124 2426 180 2457 tes
210 2417 429 2458 Gentilium
458 2418 739 2472 persecutiones
766 2427 963 2457 externam
992 2422 1245 2459 caeremonia-

123 2484 215 2510 rum
244 2471 523 2511 solemnitatem
551 2471 737 2510 adhibere
765 2485 840 2510 non
870 2481 1040 2523 poterat.
1071 2473 1245 2524 Sufficit,

120 2533 318 2565 'summam
348 2524 446 2564 Petri
476 2526 700 2578 dignitatem
729 2537 804 2562 non
833 2526 1007 2564 obscuris
1026 2527 1245 2580 Scriptura-

121 2588 213 2618 rum
239 2579 409 2619 oraculis
426 2610 436 2629 ,
466 2579 501 2616 St
531 2579 743 2632 perspicuis
765 2579 1004 2618 Traditionis
1023 2581 1243 2620 testimoniis

120 2634 239 2673 fuisse
265 2634 379 2673 nobis
407 2643 510 2672 certo
538 2635 678 2671 certius
707 2634 1018 2672 manifestatam.

173 2687 244 2734 40.
270 2687 368 2740 Obj.
398 2687 438 2734 4.
467 2687 508 2726 S.
538 2685 666 2727 Patres
693 2687 857 2735 docent,
882 2699 1016 2725 omnes
1046 2688 1243 2741 Apostolos

119 2741 239 2781 fuisse
252 2756 363 2795 pares
379 2768 391 2780 .
421 2741 521 2781 Nam
543 2743 670 2794 primo
685 2740 725 2779 S.
741 2742 985 2793 Cyprianus:
1015 2740 1104 2780 Hoc
1124 2752 1244 2780 erant

119 2799 280 2846 utique,
327 2798 407 2844 ait,
457 2798 472 2848 (
503 2796 551 2835 de
578 2800 734 2834 unitate
762 2794 959 2833 Ecclesiae
986 2795 1004 2846 )
1034 2796 1084 2836 <9
1121 2801 1243 2835 ceteri

119 2850 326 2901 Apostoli,
355 2850 456 2901 quod
471 2849 562 2903 j'uit
591 2849 759 2898 Petrus,
796 2853 887 2902 pari
913 2854 1112 2888 consortio
1136 2863 1242 2900 prce-

120 2902 192 2941 dici
219 2904 270 2945 (9¹
299 2903 486 2952 lionoris,
515 2905 566 2946 ὠ
594 2907 804 2955 potestatis
817 2929 943 2942 .....
972 2902 1241 2955 Episcopatus

121 2968 227 2994 unus
255 2967 345 3006 est,
387 2958 502 3010 cujus
530 2972 560 2996 a
588 2958 753 3011 singulis
781 2961 822 2995 in
865 2957 1032 2995 solidum
1061 2971 1158 3010 pars
1186 2968 1242 2997 te-

118 3019 238 3048 netur
254 3037 265 3049 .
293 3011 472 3049 Secundo
499 3011 541 3051 S.
563 3011 789 3050 Ambrosius
817 3011 863 3049 de
883 3011 923 3050 S.
946 3010 1054 3048 Petro
1081 3012 1241 3065 loquens

119 3062 335 3103 Primatum
365 3064 426 3104 illi
453 3065 618 3114 tribuit,
659 3066 724 3104 sed
752 3078 829 3104 non
857 3065 1131 3118 jurisditiionis
1153 3097 1162 3114 ,
1206 3066 1241 3103 &

118 3119 354 3159 auctoritatis
371 3145 381 3160 .
412 3118 562 3158 Statim
582 3120 707 3173 inquit
735 3120 752 3171 (
781 3118 830 3158 de
851 3118 943 3160 Inc.
959 3134 993 3159 c.
1009 3119 1048 3167 4.
1077 3135 1118 3160 n.
1137 3121 1202 3162 52.
1223 3122 1239 3172 )

165 3334 213 3380 (ὦ
244 3339 323 3374 Lib.
348 3340 411 3375 VI.
448 3341 705 3377 Institutionum
730 3339 967 3379 u'mwvo‘eive
1004 3343 1097 3393 apud
1121 3345 1233 3382 Euse-

116 3387 220 3423 bium
245 3388 324 3424 Lib-
350 3388 451 3427 Hire.
475 3389 578 3427 Eccl.
604 3402 682 3437 cap·
707 3392 736 3426 l.

2304 154 2390 204 ⁹245

1332 222 1408 260 loci
1428 235 1510 259 non.
1528 226 1742 260 immemor
1761 229 1819 261 sui
1845 227 2069 274 primatum
2099 230 2208 280 egit:
2236 232 2460 279 primatum

1329 275 1593 327 consessionis
1622 281 1777 327 utique,
1807 291 1887 314 non
1916 277 2106 317 lionoris:
2150 286 2373 332 primatum
2391 283 2452 337 fi-

1330 329 1419 377 clei,
1463 343 1545 367 non
1573 329 1723 367 ordinis
1742 356 1751 367 .
1791 330 1922 368 Tertio
1950 332 1990 370 S.
2027 336 2237 386 Gregorius
2269 335 2327 374 Μ.
2357 337 2456 376 dicit

1332 387 1347 433 (
1371 384 1458 422 Lib.
1479 382 1525 422 V.
1556 396 1618 435 ep.
1641 383 1701 422 18.
1723 384 1737 432 )
1756 413 1766 431 ,
1797 384 1948 421 Petrum
1972 387 2088 424 fuisse
2110 388 2299 428 Ecclesiae
2322 403 2451 428 mem-

1330 437 1472 484 brum,
1520 451 1592 476 nnn
1637 446 1782 489 caput.
1833 436 2002 475 Deinum
2035 441 2208 480 Clemens
2239 443 2353 482 Alex.
2386 445 2451 495 (a)

1331 504 1403 530 non
1435 491 1570 538 Petro,
1601 492 1662 529 sed
1694 492 1818 544 potius
1846 490 1990 529 Jacobo
2012 490 2198 532 Primatus
2228 497 2454 547 dignitatem

1332 545 1512 583 collatam
1543 546 1662 583 dicit.
1694 546 1757 583 Ait
1787 546 1913 593 enim,
1942 554 2029 595 post
2060 545 2280 586 Servatoris
2311 564 2455 589 ascen-

1334 611 1422 636 sum
1443 629 1451 645 ,
1502 598 1663 635 Petrum
1681 629 1690 645 ,
1721 597 1914 637 lat-oham
1933 628 1942 646 ,
1972 601 2021 639 (ἒ)
2052 598 2252 638 Joannem
2270 632 2280 650 ,
2310 617 2455 654 quam·

1335 656 1389 689 ris
1411 652 1610 690 Dominus
1640 667 1743 702 ipsos
1773 656 1912 690 ceteris
1931 653 2196 702 praetulisset,
2227 668 2308 692 non
2338 656 2455 695 ἑλεῖν·-

1336 719 1381 743 co
1411 706 1458 743 ile
1486 710 1615 755 primo
1645 706 1804 744 lionoris
1823 706 1954 759 gradu
1984 710 2091 744 inter
2110 721 2154 745 se
2182 710 2455 760 contendisse,

1335 759 1406 798 seri
1425 759 1616 797 Jacob-am
1646 766 1981 813 cognominatum
2005 762 2162 813 justum
2182 760 2454 816 Jerosolymo·

1335 826 1425 849 rimi
1444 813 1683 864 Episcopum
1706 815 1871 867 elegisse
1889 841 1898 852 .
1929 814 1975 852 Et
2005 826 2112 853 antea
2142 814 2236 853 alter
2251 817 2426 856 Clemens
2443 848 2454 867 ,

1335 867 1478 904 scilicet
1502 868 1663 905 homan.
1685 868 1858 907 Pontifex
1875 899 1885 916 ‚
1917 867 2088 906 scribens
2109 869 2157 907 ad
2186 871 2366 908 eumdem
2386 872 2450 910 Ja-

1335 921 1475 958 cobum
1495 951 1505 969 ,
1554 936 1643 959 eum
1673 925 1840 974 appellat
1870 922 2108 975 Episcopum
2139 923 2420 976 Episcqsorum
2443 955 2454 973 ,

1334 972 1372 1008 8<
1417 983 1607 1024 regentem
1650 989 1781 1014 omnes
1810 975 2026 1024 Ecclesias,
2075 990 2163 1028 quae
2202 978 2348 1029 ubique
2379 979 2454 1017 Dei

1333 1027 1573 1077 providentia
1605 1029 1772 1067 fundatae
1801 1039 1886 1068 suut
1917 1028 1975 1081 (b)
1994 1057 2004 1068 .
2048 1031 2206 1069 Accedit
2237 1031 2453 1084 Hesychius

1329 1079 1642 1131 Jerosolymitan.
1673 1081 1904 1135 Presbyter,
1934 1085 2001 1135 qui
2034 1085 2092 1133 (c)
2123 1084 2312 1122 Jacobuin
2343 1094 2452 1125 vocat

1327 1146 1536 1171 summum
1567 1134 1735 1183 (iucem,
1768 1136 2031 1173 sacerdotum
2059 1141 2308 1188 principem,
2346 1140 2452 1191 Apo-

1327 1188 1521 1225 stolorum
1551 1198 1697 1239 caput,
1727 1189 1776 1229 (⁸)
1806 1193 1846 1225 in
1876 1188 2067 1238 capitibus
2097 1196 2305 1230 verticem·-

1385 1240 1453 1285 41.
1485 1241 1598 1293 Hesp.
1629 1243 1747 1281 verba
1777 1242 1846 1281 illa
1868 1241 1908 1280 S.
1927 1243 2117 1295 Cypriani
2146 1257 2224 1280 esse
2253 1243 2448 1297 explican-

1325 1292 1378 1331 da
1407 1295 1453 1330 de
1482 1304 1660 1347 potestate
1683 1296 1922 1347 Apostolatus
1951 1297 2203 1345 essentialis,
2233 1298 2272 1335 in
2301 1311 2377 1350 qua
2408 1313 2451 1336 u-

1331 1348 1436 1399 tique
1463 1361 1596 1386 onmes
1627 1348 1799 1401 Apostoli
1829 1363 1938 1401 pares
1966 1359 2092 1398 erant,
2141 1363 2215 1389 non
2245 1361 2373 1389 autem
2403 1353 2449 1390 de

1328 1400 1574 1440 accidentali
1603 1404 1771 1456 quadam
1801 1411 2004 1455 potestate,
2050 1417 2141 1456 quae
2171 1403 2280 1441 Petro
2308 1403 2449 1445 collata

1328 1455 1404 1493 fuit
1432 1457 1478 1494 ad
1510 1457 1664 1495 unitatis
1684 1467 1856 1495 centrum
1886 1457 2214 1496 constituendum.
2242 1458 2448 1498 Ordinaria

1330 1519 1490 1562 potestas
1520 1512 1591 1562 ipsi
1622 1511 1862 1563 Apostolatui
1893 1512 2118 1559 intrinseca,
2166 1510 2201 1547 ἃ
2236 1511 2449 1551 essentialis

1324 1576 1373 1602 ea
1401 1573 1509 1612 erat,
1537 1579 1613 1617 qua
1631 1567 1895 1617 unusquisque
1926 1573 2068 1617 poterat
2097 1565 2244 1617 ubique
2272 1567 2445 1617 gentium

1328 1617 1474 1669 ligare,
1505 1621 1676 1667 solvere,
1707 1618 1899 1657 Ecclesias
1929 1619 2110 1667 fundare,
2148 1619 2358 1672 Episcopos
2384 1633 2446 1658 or-

1324 1672 1462 1709 dinare
1478 1702 1488 1720 ,
1519 1682 1719 1724 ceteraque
1740 1673 1868 1710 omnia
1885 1681 2068 1725 praestare
2084 1702 2095 1720 ,
2123 1687 2214 1725 quae
2243 1674 2292 1711 ad
2313 1672 2447 1713 Evan-

1325 1724 1418 1777 gelii
1449 1727 1759 1778 propagationem
1789 1727 2061 1779 pertinebant.
2092 1725 2140 1764 Et
2169 1727 2210 1765 iu
2239 1725 2311 1765 hac
2341 1736 2445 1780 pote-

1325 1787 1416 1817 state
1446 1779 1517 1817 hoc
1549 1782 1680 1830 utique
1707 1790 1811 1818 erant
1853 1783 1969 1819 ceteri
1999 1780 2192 1832 Apostoli,
2238 1780 2342 1833 quod
2372 1781 2446 1820 fuit

1322 1831 1481 1879 Petrus3
1510 1835 1574 1872 sed
1603 1833 1714 1871 Petro
1733 1833 1887 1886 aliquod
1917 1834 2109 1886 singulare
2128 1835 2360 1872 auctoritatis
2380 1847 2445 1873 ex-

1321 1895 1469 1936 ternae,
1517 1888 1553 1924 δι
1581 1886 1926 1925 extraordinariae
1967 1889 2218 1940 privilegium
2254 1887 2442 1926 collatum

1321 1950 1403 1988 est,
1432 1955 1510 1992 quo
1538 1943 1672 1978 ceteris
1693 1950 1858 1992 praeerat
1887 1942 1933 1978 ad
1954 1942 2108 1979 unitatis
2129 1939 2330 1979 vinculum
2351 1953 2441 1980 con-

1316 1994 1552 2029 servandum
1574 2018 1585 2030 .
1616 1993 1698 2030 Hoc
1728 2006 1802 2030 non
1833 1995 1984 2044 negavit
2010 1994 2254 2046 Cyprianus3
2283 2008 2371 2032 nam
2401 2003 2442 2032 ut

1320 2045 1472 2083 mittam
1502 2059 1547 2083 ea
1575 2045 1694 2085 verba
1722 2047 1946 2085 immediate
1973 2048 2194 2099 sequentia:
2237 2047 2443 2087 Primatus

1319 2097 1439 2134 Petro
1468 2097 1616 2148 datur,
1662 2107 1705 2135 ut
1734 2098 1925 2136 Ecclesia
1950 2112 2036 2137 rina
2072 2109 2316 2138 monstretur
2345 2105 2361 2152 (
2392 2115 2441 2140 ne

1318 2150 1464 2188 scilicet
1492 2151 1740 2189 contentionis
1768 2153 1900 2190 funem
1920 2151 2074 2204 longius
2102 2167 2193 2190 cum
2215 2155 2261 2195 iis
2290 2165 2438 2206 protra-

1319 2202 1484 2251 hamus,
1509 2205 1580 2256 qui
1600 2233 1611 2252 ,
1641 2219 1689 2243 an
1716 2206 1883 2256 genuina
1913 2207 2006 2254 sint,
2035 2206 2212 2245 dubitant
2243 2207 2287 2256 )‚
2317 2208 2357 2246 id
2385 2218 2440 2248 ta-

1317 2271 1404 2295 men
1433 2256 1522 2301 aliis
1550 2258 1889 2310 aequipollentibus
1909 2260 2088 2312 exprimit
2117 2260 2340 2299 immediate
2366 2277 2438 2302 an-

1316 2320 1376 2349 tea
1405 2311 1557 2350 dicens:
1606 2309 1661 2348 Ut
1690 2315 1887 2350 unitatem
1918 2313 2231 2364 manifestaret,
2268 2319 2437 2355 unitatis

1315 2364 1500 2412 ejusdem
1528 2368 1726 2418 originem
1768 2365 1821 2404 ab
1845 2379 1927 2405 uno
1959 2371 2220 2417 incipientem
2255 2382 2332 2407 sua
2361 2383 2436 2408 au-

1314 2417 1499 2457 &oritate
1527 2420 1742 2469 disposuit.
1789 2420 1916 2469 Quis,
1963 2434 2082 2472 rogo,
2130 2421 2194 2460 hic
2224 2436 2322 2461 unus
2350 2433 2432 2474 est,

1315 2475 1392 2510 nisi
1423 2472 1582 2511 Petrus?
1609 2474 1708 2512 Cum
1738 2487 1828 2513 vero
1857 2474 1983 2513 subdit
2004 2476 2133 2514 Sanct.
2163 2475 2342 2529 Martyr:
2370 2477 2430 2516 E-

1312 2531 1540 2578 piscopatus
1559 2541 1661 2566 unus
1689 2538 1775 2576 est,
1803 2529 1918 2581 cujus
1947 2543 1975 2567 a
1995 2529 2160 2583 singulis
2186 2543 2284 2581 pars
2313 2535 2353 2568 in
2369 2545 2432 2571 so-

1315 2579 1438 2618 lidum
1466 2591 1648 2629 tenetur,
1677 2582 1778 2621 nihil
1798 2582 1902 2621 aliud
1925 2583 2007 2621 vult
2026 2585 2197 2622 indicare
2215 2613 2226 2633 ,
2256 2585 2330 2623 nisi
2352 2586 2428 2625 Ec-

1313 2633 1442 2672 clesiae
1474 2637 1656 2673 unitatem
1675 2665 1686 2684 ,
1732 2635 1847 2688 cujus
1872 2638 2143 2676 conservandae
2165 2668 2176 2686 ,
2219 2651 2432 2691 propagan-

1312 2688 1451 2739 daeque
1478 2689 1603 2726 studio
1631 2701 1760 2728 omnes
1790 2690 1828 2727 in
1858 2689 2023 2729 solidum
2053 2699 2252 2740 tenentur,
2281 2694 2345 2731 sed
2374 2703 2431 2733 ta-

1310 2756 1399 2779 men
1428 2756 1519 2781 curn
1547 2742 1676 2781 debita
1705 2743 1765 2781 illi
1794 2743 2034 2793 obedientia,
2071 2747 2140 2797 qui
2168 2744 2340 2797 ejusdem
2369 2757 2427 2786 est

1307 2804 1513 2842 centrum3
1543 2797 1641 2834 unde
1668 2798 1784 2835 etiam
1816 2798 1917 2835 idem
1938 2797 1978 2836 S.
1999 2797 2154 2851 Martyr
2183 2802 2198 2850 (
2228 2801 2338 2852 epist.
2362 2800 2429 2852 75.

1306 2850 1357 2888 ad
1386 2849 1626 2901 Jubajanum
1657 2850 1672 2900 )
1702 2851 1860 2903 loquens
1887 2851 1933 2889 de
1963 2851 2167 2901 Ecclesia,
2210 2851 2305 2892 Una
2333 2863 2393 2892 est
2411 2885 2425 2904 ,

1309 2904 1435 2955 inquit
1453 2934 1462 2951 ‚
1493 2905 1543 2944 <9⁶
1571 2918 1688 2955 super
1705 2918 1858 2954 unum,
1887 2909 1952 2957 qui
1980 2906 2111 2946 clares
2130 2909 2218 2961 ejus
2246 2912 2423 2960 accepit,

1306 2970 1401 2997 Voce
1429 2957 1595 2996 Domini
1611 2957 1800 3010 jiinclata
1817 2985 1828 2998 .

1362 3011 1430 3057 402.
1460 3013 1520 3050 Ad
1552 3027 1589 3051 2.
1620 3026 1720 3065 resp.
1745 3012 1789 3052 S.
1820 3012 2070 3053 Ambrosium
2116 3014 2222 3067 loqui
2251 3014 2299 3053 de
2327 3024 2420 3053 tem-

1309 3079 1401 3118 pore
1418 3096 1429 3116 ,
1458 3079 1535 3119 quo
1560 3065 1735 3106 Christus
1764 3067 1928 3107 visibilis
1949 3069 1989 3108 iu
2022 3070 2130 3107 terris
2157 3068 2313 3120 degebat
2341 3080 2420 3120 quo

1309 3129 1410 3160 certe
1425 3129 1594 3175 tempore
1604 3119 1755 3173 Petrus,
1770 3123 1916 3161 nonnisi
1928 3121 2140 3176 primatum
2155 3122 2266 3170 fidei,
2283 3120 2417 3210 {tcon-

2305 3187 2360 3213 es-

1346 3342 1523 3390 (bQApud
1549 3346 1732 3380 Constant.
1759 3344 1803 3379 Τ.
1822 3346 1849 3379 1.
1877 3344 1942 3389 Ep.
1961 3343 2003 3377 R.
2027 3341 2125 3375 Pont.
2151 3340 2188 3374 in
2213 3352 2293 3389 app.
2312 3353 2348 3376 n.
2378 3351 2409 3378 ι’.

1349 3398 1395 3436 (e)
1423 3391 1528 3439 Apud
1552 3391 1716 3429 Photium
1742 3392 1780 3428 in
1802 3391 1974 3429 Biblioth·
2001 3388 2074 3425 eod·
2101 3387 2183 3434 275·
