2564 3706
246 160 323 202 132

181 237 319 274 moniis
347 230 466 269 erutis
494 242 540 268 ex
569 226 738 281 epistolis
766 227 807 268 S.
836 228 974 278 Pauli,
1013 229 1113 280 quod
1142 225 1284 265 Cotele-

174 286 261 326 ⁴rius
290 285 467 323 ostendit.
511 282 684 322 Plurima
741 282 875 321 uatuor
904 281 1202 332 Evangeliorum
1231 277 1285 314 lo-

179 354 224 379 ca
254 329 499 377 inveniuntur
543 338 583 375 in
614 298 780 388 epistiilis
823 335 1035 374 sanctornm
1065 330 1282 376 Barnabae,

175 393 340 443 Ignatii,
370 391 404 427 δι
434 390 639 444 l’olycarpi
657 418 667 428 .
705 390 873 428 Justinus
902 389 940 425 in
969 385 1163 433 Apologia
1184 383 1215 420 I.
1246 396 1285 443 n.

176 445 245 497 67.
276 454 498 484 consuetum
528 444 642 482 fuisse
678 452 858 488 testatur,
899 441 937 476 in
965 436 1149 475 Ecclesiis
1190 449 1284 474 serl-

176 507 242 552 pta
268 498 531 550 Apostolorum
563 498 636 548 legi
654 523 665 535 .
694 496 741 533 Et
760 494 924 543 denique
945 488 1210 528 Tertullianus
1239 487 1288 526 de

181 555 399 603 prcescript.
434 551 523 589 miv.
562 549 661 587 Her.
695 562 780 598 cap.
804 544 866 583 56.
898 547 1006 593 ipsas
1034 542 1288 581 authenticas

179 605 445 657 Apostolorum
474 605 627 642 litteras
656 601 695 637 in
714 598 896 637 Ecclesiis
927 595 1154 648 Apostolicis
1191 596 1286 634 fuis·

180 672 218 699 se
248 672 316 697 suo
342 667 510 709 tempore
540 656 732 699 recitatas,
761 651 917 689 asserit.

223 707 326 751 ¹521.
358 711 491 757 Addo,
533 710 563 746 si
593 713 861 757 argumentum
892 703 1039 742 Frereti
1067 702 1284 756 quidquam

180 764 352 809 valeret,
396 764 536 802 valeret
564 761 678 797 etiam
707 765 840 796 contra
868 755 1080 809 Evangelia
1121 769 1283 810 apocry-

207 817 258 857 ha
275 848 285 867 ,
322 817 464 870 quihus
492 827 551 852 eos
580 810 707 851 Patres
736 823 818 850 usos
848 810 962 850 fuisse
990 810 1101 848 nobis
1129 822 1284 862 persua-

176 832 266 909 ἕρπε
293 870 405 915 vult3
433 864 759 920 quemadmodum
780 864 884 902 enim
914 876 987 901 non
1017 864 1216 902 nominant
1232 863 1285 902 E-

176 922 354 968 vangelia
382 918 582 966 Matthaei,
614 917 742 957 Marci
771 917 870 964 διας
908 917 960 956 ita
988 930 1056 956 nec
1084 917 1284 955 nominant

176 964 498 1014 alissecumlum
529 969 747 1020 Hebraeos,
791 969 1010 1009 secundum
1038 968 1285 1024 AEgjpti05‚

172 1027 389 1066 secunlum
424 1024 623 1063 Thomam
642 1055 652 1073 ,
683 1025 740 1062 rel
759 1024 854 1063 XII.
885 1024 1110 1075 Apostolos,
1140 1024 1228 1064 &a

226 1081 320 1120 522.
349 1079 442 1131 Obj.
466 1079 503 1117 5.
534 1078 791 1130 Evangelium
820 1077 999 1117 Matthaei
1043 1076 1158 1129 longo
1187 1086 1283 1115 tem-

167 1146 260 1185 pore
290 1143 371 1186 post
400 1133 520 1184 ipsius
541 1131 717 1170 Matthaei
740 1139 898 1169 mortem
929 1132 1045 1170 fuisse
1073 1132 1282 1180 scriptum,

169 1186 302 1225 multis
321 1188 555 1237 argumentis
575 1186 764 1222 evincitur
781 1212 790 1222 .
812 1183 940 1222 Primo
960 1198 1004 1222 ex
1025 1198 1110 1235 cap.
1130 1182 1280 1221 XXIII.

170 1240 238 1279 55.
271 1239 338 1277 ubi
366 1239 507 1277 dicitur
536 1238 741 1276 Zacharias
771 1238 876 1275 filius
905 1236 1104 1275 Baraehiae
1134 1237 1281 1274 occisus

171 1293 270 1331 inter
299 1291 485 1344 templum
505 1322 516 1339 ‚
547 1290 580 1326 ἃ
610 1291 754 1336 altare3
785 1290 885 1327 hunc
913 1291 1016 1326 enim
1046 1289 1085 1326 in
1113 1288 1281 1326 obsidio-

170 1359 220 1384 ne
240 1345 450 1384 Jerusalem
467 1374 477 1392 ,
507 1357 595 1395 quae
625 1351 704 1395 post
724 1352 884 1380 mortem
906 1340 1175 1393 Apostolorum
1192 1353 1280 1392 con-

170 1400 287 1447 tigit,
333 1413 356 1436 a
384 1396 525 1435 Zelotis
564 1397 738 1433 occisum
780 1396 895 1433 fuisse
923 1393 1108 1446 [Iosephus
1150 1403 1281 1433 narrat

172 1448 261 1492 Lib.
284 1450 349 1488 IV.
379 1450 427 1487 de
456 1448 553 1487 bello
571 1447 739 1486 „Iudaico
768 1462 854 1500 cap.
878 1449 915 1485 5.
943 1447 1131 1486 Praeterea
1160 1449 1198 1485 iu
1219 1461 1280 1484 eo·

169 1505 257 1542 dem
278 1501 488 1552 Evangelio
516 1515 602 1553 cap.
623 1500 769 1540 XVIII.
796 1515 856 1551 ¹7·
887 1500 972 1539 haec
1000 1500 1119 1538 verba
1148 1499 1281 1552 legun-

169 1566 255 1596 tur:
304 1555 345 1594 Si
374 1554 607 1594 Ecclesiam
637 1568 718 1592 non
746 1555 919 1593 audierit
939 1585 950 1604 ,
992 1557 1042 1592 sit
1071 1553 1137 1591 tibi
1178 1558 1280 1592 sicut

171 1609 377 1658 ethnicus,
406 1609 456 1651 (91
483 1608 747 1660 publicanus:
789 1618 824 1647 at
855 1621 944 1648 vero
969 1621 1062 1646 cum
1090 1607 1281 1646 Ecclesia

169 1676 241 1705 vox
270 1677 394 1715 graeca
424 1663 498 1711 sit,
545 1662 798 1715 probabiliter
827 1662 863 1700 id
901 1663 1090 1714 seriptum
1131 1662 1283 1700 videtur

173 1716 227 1756 ab
244 1716 375 1769 aliquo
394 1716 606 1755 Hellenista
622 1746 633 1765 ,
663 1730 736 1754 non
758 1731 779 1755 a
796 1715 983 1754 Matthaeo
996 1745 1008 1764 ‚
1037 1716 1107 1768 qui
1127 1714 1283 1754 hebrai-

170 1784 216 1809 ce
243 1771 437 1822 scripsisse
464 1770 631 1808 dicitur.
674 1770 740 1809 Est
770 1771 924 1822 insuper
966 1782 1105 1822 parum
1147 1769 1281 1808 verisi-

170 1821 265 1861 mile
281 1853 292 1870 ‚
323 1822 572 1872 Mattliaeum,
593 1824 660 1875 qui
683 1822 912 1874 publicanus
934 1823 1014 1875 ipse
1036 1822 1186 1872 fuerat,
1216 1835 1280 1861 vo-

170 1875 288 1914 luisse
316 1874 386 1913 hoc
433 1890 547 1927 genus
590 1876 792 1914 hominum
835 1876 996 1914 ethnicis
1038 1877 1282 1927 aequiparare

172 1930 238 1980 (a)
258 1955 268 1967 .
311 1928 480 1966 Demnm
511 1942 600 1966 cum
630 1930 670 1967 in
699 1927 771 1967 hoc
800 1929 1012 1979 Evangelio
1039 1930 1135 1966 sicut
1165 1930 1282 1966 etiam

170 1984 212 2022 in
241 1981 327 2020 aliis
371 1990 476 2020 vetus
506 1980 820 2030 Testamentum,
861 1994 908 2018 ex
943 1994 1068 2033 graeca
1108 1982 1282 2020 versione

177 2037 256 2076 τῶν
285 2034 411 2073 LXX.
440 2033 692 2082 adhibeatur,
737 2035 924 2073 indicium
955 2034 993 2072 id
1022 2042 1096 2082 est,
1138 2048 1182 2072 ea
1210 2047 1283 2072 non

174 2088 288 2125 fuisse
318 2088 368 2126 ab
397 2088 612 2139 Apostolis‚
643 2087 703 2126 vel
741 2088 792 2126 ab
820 2087 925 2135 aliis,
955 2087 1023 2139 qui
1060 2100 1186 2139 graece
1204 2100 1283 2126 non

171 2138 390 2187 callebant,
421 2140 483 2177 sed
513 2142 638 2191 potius
665 2140 715 2178 ab
744 2140 965 2178 Hellenistis
993 2139 1248 2179 elucubrata.

227 2192 318 2231 525.
350 2192 463 2244 Resp.
491 2191 662 2231 Primam
705 2192 970 2231 difficultatem
1000 2205 1075 2231 non
1103 2193 1188 2231 leve
1215 2206 1282 2231 ne-

169 2247 316 2296 gotium
345 2246 471 2283 faeere
497 2248 614 2285 sacris
656 2247 950 2299 interpretibus,
999 2247 1066 2298 qui
1110 2246 1158 2284 ad
1194 2259 1282 2284 eam

172 2298 381 2337 tollendam
409 2299 576 2337 diversas
612 2300 743 2337 ineunt
772 2301 880 2339 vias.
921 2300 1092 2347 Quidam
1131 2308 1212 2352 post
1240 2299 1282 2338 S.

175 2352 462 2405 Hieronymum
485 2355 500 2404 (
523 2354 562 2390 in
581 2352 806 2392 Comment.
827 2354 875 2392 ad
896 2352 999 2391 hunc
1019 2352 1093 2391 loc.
1109 2351 1283 2401 Mattb.)

174 2414 306 2457 putant
334 2405 537 2458 legendum
566 2420 643 2445 esse
671 2406 900 2446 Zachariam
924 2406 1068 2460 filium
1095 2405 1282 2459 Jojadoe,

172 2472 289 2510 quem
316 2459 482 2511 populns
521 2459 677 2512 jubente
706 2461 795 2498 Joas
823 2474 910 2512 rege
938 2462 980 2498 in
1008 2461 1105 2498 atrio
1145 2459 1284 2511 templi

171 2511 371 2564 lapidibus
398 2514 617 2561 interemit,
647 2522 688 2551 ut
708 2513 846 2565 legitur
869 2526 906 2551 2.
928 2512 1107 2563 Paralip.
1125 2510 1283 2551 XXIV.

174 2577 241 2603 αι.
271 2565 476 2613 Quomodo
512 2576 640 2605 autem
669 2567 740 2604 iste
768 2566 975 2605 Zacharias
1005 2567 1120 2604 fuerit
1148 2566 1283 2618 appel-

173 2616 273 2656 latus
288 2619 405 2671 filius
426 2619 642 2657 Baraclziae
663 2650 673 2668 ,
702 2619 802 2658 alius
823 2621 938 2658 nodus
957 2628 1040 2667 est,
1068 2633 1184 2673 quem
1204 2633 1282 2658 non

171 2683 246 2709 uno
272 2673 386 2710 modo
412 2672 591 2713 solvunt.
619 2673 748 2713 Primo
777 2674 908 2712 dicunt
924 2703 936 2723 ,
964 2672 1111 2724 Jojadae
1132 2682 1282 2726 patrem

171 2724 286 2762 fuisse
308 2725 498 2775 Achiam,
528 2728 697 2779 adeoque
725 2728 893 2780 potuisse
921 2727 1111 2780 appellari
1142 2726 1201 2764 vel
1217 2726 1283 2764 Jo-

169 2777 317 2827 j'atiam
338 2809 351 2829 ,
379 2780 441 2821 vel
459 2779 710 2820 Baraclziam
725 2810 738 2831 ,
765 2780 979 2835 sensilium
1001 2780 1138 2820 Achtae
1159 2783 1283 2834 (nam

224 2953 278 2989 (α)
298 2952 348 2985 Ita
366 2938 652 2999 Boiinghroeirius
677 2957 765 2991 (lans
793 2958 972 2991 l’examen
999 2959 1186 3002 important
1205 2959 1282 2992 &c-

220 2997 392 3049 (thanc
419 3010 631 3043 postremam
653 3005 864 3037 sen-tentiam
898 3003 1110 3049 adoptarunt
1138 3006 1173 3037 Ρ.
1200 3006 1285 3038 Cai-

174 3052 249 3076 met
275 3054 315 3075 in
336 3042 427 3076 hunc
453 3046 591 3088 locum,
629 3051 876 3084 'I'illemontius
903 3051 1015 3085 Tomo
1043 3054 1067 3084 Ι.
1092 3051 1192 3086 Ηίεε.
1217 3054 1285 3085 des

177 3087 313 3133 Emper.
341 3089 485 3122 articul..
506 3093 559 3133 54.
575 3115 587 3133 ,
624 3097 716 3128 Satn.
741 3097 930 3142 Basnagius
958 3100 994 3131 in
1019 3098 1150 3133 Annal.
1177 3099 1283 3132 'l'om.

177 3136 206 3168 l-
234 3134 276 3167 ad
302 3147 358 3169 an·
386 3136 428 3169 V.
455 3145 533 3168 ame
561 3140 753 3174 Dominum
778 3156 812 3175 n.
842 3146 924 3187 75.,
964 3146 1132 3186 Grotius,
1172 3146 1281 3178 Ham-

177 3180 351 3222 mon-dns,
378 3180 464 3214 Lnd.
492 3181 532 3215 de
558 3184 669 3225 Dieu,
695 3188 754 3219 alii
772 3210 781 3218 .
818 3190 934 3224 Prima
960 3199 1077 3225 tamen
1102 3192 1282 3236 responsio

176 3226 267 3260 mihi,
293 3227 434 3262 soli-dior
459 3228 622 3262 videtur.

224 3278 273 3313 (c)
299 3273 416 3307 videri
442 3283 553 3319 potest
580 3274 716 3309 erudita
742 3282 952 3314 exercitatio
973 3286 1016 3317 (le
1036 3284 1181 3318 Christo
1197 3295 1282 3329 gra-

175 3331 219 3353 ce
240 3322 398 3363 loquente
424 3321 526 3355 Dom.
560 3321 701 3355 Diotlati
727 3324 836 3368 Neap.
867 3328 972 3370 ¹757·
1014 3330 1075 3363 uh}
1099 3331 1207 3363 etiam
1244 3332 1283 3363 in-

177 3366 367 3414 appendice
405 3370 437 3414 ς.
461 3369 489 3403 1.
514 3379 770 3414 ‚eommuneun
808 3374 839 3406 ὃς
862 3381 1017 3409 veterem
1052 3377 1249 3421 opinionem
1268 3397 1284 3418 >

935 143 1336 193 mssER‘rA'rm
1370 134 1612 208 uncae.
1647 147 1741 189 iv.

1353 235 1426 261 vox
1457 230 1515 272 Ἰ)
1543 221 1615 259 bar
1643 221 1822 261 hebraice
1850 222 2037 274 significat
2061 225 2202 280 sillum
2232 225 2287 274 ).“
2320 226 2373 265 Ita
2401 225 2464 267 Si-

1353 288 1444 312 mon
1463 274 1596 313 Petrus
1622 274 1746 313 dietus
1774 283 1827 313 est
1855 274 2061 316 Bar-Iona
2099 279 2204 318 filius
2223 280 2351 328 Jonae,
2382 280 2463 320 Na·

1352 327 1507 366 thauaet
1536 327 1884 376 Bar-tholomeus,
1914 328 2078 382 Elymas
2106 347 2239 386 magus
2266 332 2465 374 Bar-,Iesu

1352 379 1423 419 ἃς.
1453 380 1630 420 Secundo
1657 381 1755 421 hanc
1785 383 1948 421 nominis
1977 384 2277 425 immutationem
2309 388 2466 425 fortasse

1352 435 1447 473 vitio
1473 433 1642 486 alicujus
1670 437 1913 487 exscriptoris
1941 438 2163 489 contigisse3
2190 453 2281 478 nam
2310 440 2349 479 S.
2371 440 2466 478 Hie-

1354 501 1538 541 ronymus
1566 497 1748 537 testatur,
1792 490 1833 527 in
1860 488 2100 541 Evangelio,
2143 504 2222 542 quo
2259 493 2465 532 utebantur

1355 542 1554 590 Nazaraei,
1586 543 1701 581 fuisse
1730 543 1916 594 scriptum
1933 543 2074 595 filium
2101 541 2287 595 Jojacloe.
2329 546 2463 584 Tertio

1355 595 1497 633 addunt
1525 595 1622 644 alii,
1665 610 1688 633 a
1716 595 1758 634 S.
1788 595 1972 634 Matthaeo
2000 611 2074 635 non
2116 597 2233 635 fuisse
2270 600 2432 650 positum
2452 628 2466 648 ‚

1355 650 1427 686 nisi
1457 662 1593 686 nomen
1623 647 1825 687 Zacharia:
1843 679 1855 697 ‚
1892 649 1942 688 ab
1969 650 2102 704 aliquo
2131 660 2258 689 autem
2287 653 2468 704 imperito

1355 701 1527 741 additum
1545 701 1686 755 filium
1716 700 1958 741 Barachiae.
2158 729 2161 732 ·

1408 755 1500 801 524.
1531 756 1610 794 Alii
1640 769 1729 794 vero
1757 757 2015 804 contendunt,
2044 755 2239 796 Christum
2269 756 2467 810 propheti·

1351 822 1394 847 ce
1423 810 1567 847 caedem
1599 808 1710 847 illam
1752 811 2061 861 praenuiiciasse,
2108 825 2197 862 quae
2241 821 2323 863 post
2365 823 2468 850 anno

1352 864 1506 902 circiter
1526 862 1590 909 54.
1612 863 1827 915 contingere
1848 862 2008 901 debebat
2025 889 2036 900 .
2066 862 2205 914 Neque
2224 877 2314 901 vero
2332 864 2435 903 obest
2452 893 2466 913 ,

1353 917 1559 969 inquiunt,
1602 925 1754 969 tempus
1783 917 2047 968 praeteritum,
2090 929 2168 967 quo
2193 916 2363 955 Christus
2391 919 2468 956 uti·

1353 979 1414 1008 tur
1434 970 1587 1008 dicens:
1616 969 1844 1014 occiduum
1872 971 2025 1008 namin
2053 969 2263 1022 prophetiis
2293 969 2390 1007 reste
2422 984 2468 1008 u-

1351 1025 1503 1076 surpari
1534 1032 1652 1075 potest
1679 1032 1829 1075 tempus
1857 1037 2048 1074 praesens,
2091 1031 2155 1060 aut
2184 1024 2297 1061 etiam
2328 1033 2465 1075 praete-

1350 1079 1469 1114 ritum
1491 1077 1537 1115 ad
1548 1077 1882 1114 *demonstrandam
1899 1084 2052 1114 eventus
2072 1076 2342 1114 certitudinem
2357 1102 2368 1114 .
2398 1076 2465 1115 Sic

1350 1130 1466 1167 Isaias
1495 1129 1712 1168 clamabat:
1740 1142 1836 1179 puer
1865 1139 1983 1167 natus
2004 1138 2061 1167 est
2081 1128 2219 1178 nobis,
2252 1130 2466 1182 praedicent

1350 1182 1438 1219 Jesu
1459 1181 1599 1219 Christi
1618 1191 1771 1219 ortum:
1800 1181 2015 1233 cujusmodi
2036 1182 2213 1235 exempla
2233 1181 2362 1220 afferri
2379 1196 2467 1234 pos-

1350 1243 1438 1272 sunt
1458 1234 1555 1272 bene
1576 1233 1697 1272 multa
1716 1260 1727 1272 .
1757 1234 1836 1272 Nec
1865 1237 2004 1272 iterum
2023 1236 2151 1284 obest,
2180 1235 2284 1275 hunc
2313 1234 2464 1276 Zacha-

1349 1288 1450 1325 riam
1479 1301 1501 1325 a
1529 1285 1695 1339 Josepho
1723 1299 1799 1325 non
1818 1287 1896 1325 dici
1915 1286 2178 1326 Christianum
2195 1317 2206 1336 ‚
2235 1288 2362 1340 qualis
2381 1301 2465 1327 cer-

1349 1347 1386 1377 te
1424 1353 1501 1378 esse
1542 1339 1733 1388 debebat,
1776 1353 1865 1378 cum
1895 1353 1916 1377 a
1944 1338 2095 1377 Christo
2123 1340 2294 1378 Domino
2330 1340 2462 1380 laude-

1349 1401 1432 1438 tnr;
1462 1395 1584 1446 potuit
1613 1394 1714 1430 enim
1744 1391 1929 1444 ,Iosephus
1959 1392 1997 1430 id
2027 1394 2204 1443 ignorare
2235 1392 2291 1444 (b)
2311 1418 2322 1430 .

1404 1447 1495 1486 525.
1527 1447 1627 1485 Duae
1656 1446 1746 1484 aliae
1785 1444 2018 1497 objeffiones
2061 1445 2214 1484 facilius
2256 1446 2470 1499 expediun-

1350 1508 1439 1548 tur,
1468 1500 1731 1548 observando,
1774 1499 1946 1551 linguam
1974 1512 2142 1551 graecam
2173 1500 2288 1537 fuisse
2317 1509 2462 1552 tempo·

1349 1553 1458 1592 ribus
1488 1552 1755 1605 Apostolorum
1786 1553 1889 1605 apud
1908 1552 2062 1591 Judaeo‘s
2090 1554 2351 1600 notissimam,
2381 1567 2466 1592 ma-

1349 1620 1544 1659 gnumque
1588 1621 1701 1645 usum
1733 1608 1915 1645 versionis
1956 1619 2094 1657 graecae
2128 1605 2255 1644 LXX.
2298 1607 2464 1659 Interpr.

1350 1660 1538 1699 Eamdem
1566 1660 1765 1707 Christus,
1795 1659 1829 1695 ἃ
1851 1659 2023 1711 Apostoli
2053 1662 2194 1711 saepius
2224 1658 2467 1711 allegarunt5

1352 1723 1392 1752 ut
1422 1715 1461 1752 in
1489 1714 1690 1752 concordia
1721 1721 1794 1751 vet.
1815 1712 1919 1750 Test.
1948 1725 2037 1750 cum
2068 1711 2280 1764 Evangelio
2309 1712 2463 1764 gentili-

1348 1767 1447 1815 bus,
1487 1767 1630 1820 quibus
1658 1767 1901 1818 potissimum
1930 1766 2242 1806 annunciandum
2270 1776 2376 1815 erat,
2405 1766 2463 1806 fao

1350 1820 1465 1859 cilius
1495 1828 1695 1872 appareret
1725 1819 1812 1872 (c).

1406 1873 1498 1913 526.
1527 1874 1740 1913 Levis'sima
1768 1882 1895 1912 autem
1925 1880 1977 1911 est
2007 1871 2225 1924 conjeliura
2254 1884 2299 1910 ex
2320 1884 2364 1909 eo
2392 1872 2465 1910 du·

1351 1926 1408 1965 &a
1425 1958 1436 1976 ‚
1465 1928 1567 1980 quod
1589 1926 1795 1965 Matthaeus
1825 1940 1898 1965 non
1927 1926 2102 1965 debuerit
2132 1926 2384 1978 publicanos,
2415 1936 2465 1965 ex

1351 1994 1517 2032 quorum
1546 1993 1682 2030 genere
1711 1982 1792 2030 ipse
1822 1980 1972 2027 fuerat,
2002 1978 2160 2017 ethnicis
2190 1980 2466 2030 aequiparare3

1352 2034 1392 2070 in
1423 2046 1466 2069 eo
1495 2034 1596 2070 enim
1626 2033 1695 2069 sita
1724 2040 1777 2069 est
1806 2033 2087 2083 aequiparatio,
2131 2040 2170 2067 nt
2209 2032 2462 2083 quemadmo-

1352 2086 1445 2124 dum
1474 2099 1564 2123 cum
1594 2084 1799 2133 Ethnicis,
1840 2086 1890 2122 ita
1920 2098 2010 2122 cum
2052 2084 2222 2136 publicis
2250 2085 2463 2136 peccatori-

1350 2138 1445 2186 bus,
1473 2137 1692 2189 cujusmodi
1721 2137 1980 2177 censebantur·
1999 2147 2090 2176 tunc
2117 2141 2299 2189 temporis
2328 2136 2463 2191 puhli-

1350 2193 1435 2230 cani
1459 2221 1470 2239 ,
1500 2192 1777 2229 commercium
1807 2192 1919 2228 vitari
1949 2191 2131 2230 deberet.

1406 2245 1498 2296 527.
1528 2244 1783 2282 corollarium
1811 2257 1843 2281 1.
1872 2242 2083 2295 Evangelia
2101 2274 2111 2292 ,
2141 2243 2293 2296 aliaque
2322 2245 2468 2296 scripta

1350 2298 1422 2336 sub
1452 2299 1633 2336 ementito
1654 2296 1918 2350 Apostolorum
1947 2298 2106 2334 nomine
2134 2297 2285 2348 vulgata
2306 2310 2383 2336 non
2404 2311 2464 2335 so·

1351 2352 1436 2389 lum
1465 2350 1758 2389 Incredulorum
1788 2363 1915 2388 causa:
1937 2363 2010 2388 non
2041 2359 2223 2401 prosunt,
2251 2352 2312 2389 sed
2333 2364 2374 2387 re
2393 2351 2464 2389 be-

1351 2419 1396 2443 ne
1425 2408 1613 2457 perpensa
1642 2405 1758 2442 etiam
1789 2404 1957 2443 obsunt.
2001 2402 2132 2440 Primo
2166 2404 2268 2441 enim
2297 2404 2346 2441 iis
2371 2405 2467 2455 ipsis

1351 2459 1508 2497 sanioris
1524 2459 1674 2496 critices
1690 2456 1830 2508 regulis
1846 2487 1858 2505 ,
1887 2457 2030 2508 quibus
2045 2456 2136 2494 libri
2152 2455 2258 2494 nothi
2280 2455 2464 2507 rejiciun-

1351 2522 1440 2559 tur,
1468 2513 1624 2563 genuini
1653 2511 1933 2549 confirmantur
1954 2536 1965 2548 .
2006 2509 2208 2559 Secundo,
2248 2509 2339 2548 licet
2369 2508 2465 2548 libri

1350 2563 1567 2618 apocryphi
1596 2563 1769 2617 plurima
1798 2563 1896 2602 falsa
1916 2595 1929 2613 ‚
1957 2563 1993 2600 8(
2012 2564 2126 2602 etiam
2148 2564 2296 2600 veritati
2318 2560 2465 2599 doari-

1350 2633 1407 2657 nae
1426 2618 1567 2656 Christi
1594 2618 1752 2656 adversa
1780 2619 2022 2665 contineant,
2052 2628 2182 2653 omnes
2209 2623 2364 2662 tamen,
2395 2613 2462 2652 vel

1350 2673 1428 2710 fere
1456 2685 1586 2710 omnes
1615 2672 1713 2709 mire
1741 2671 1974 2708 consentiunt
2003 2672 2042 2706 in
2071 2668 2278 2706 asserendis
2309 2668 2356 2705 iis
2386 2667 2461 2706 mi-

1350 2724 1492 2764 raculis
1507 2755 1518 2773 ‚
1539 2724 1680 2778 quibus
1697 2723 1870 2761 Christus
1888 2723 2064 2760 divinam
2084 2735 2192 2758 suam
2215 2722 2462 2769 missionem,

1351 2780 1385 2818 ἃ
1413 2792 1620 2834 supernam
1662 2775 1932 2824 revelationem
1966 2775 2235 2821 confirmavit5
2283 2774 2386 2827 quod
2415 2787 2465 2812 u·

2313 2840 2407 2866 uum

1349 2957 1440 3004 quod
1467 2958 1501 2991 S.
1527 2955 1716 2991 Matthaeus
1743 2954 1957 2994 ehatdaice,
1983 2965 2043 2987 sen
2067 2952 2182 2998 potius
2209 2951 2327 2996 lingua
2347 2951 2459 2996 Syro-

1350 3004 1538 3040 Chaldaica
1565 3003 1794 3046 Evangelium
1820 3002 2025 3047 scripserit,
2061 3009 2235 3033 evertere·
2254 3000 2350 3031 nisus
2376 3005 2454 3048 est.

1351 3054 1396 3087 Et
1422 3061 1636 3097 quamquam
1659 3049 1737 3082 haec
1760 3049 1966 3082 exercitatio
1990 3048 2097 3080 fuerit
2123 3060 2141 3080 a
2169 3044 2289 3079 multis
2316 3045 2456 3076 former

1350 3107 1570 3145 oppugnata,
1596 3095 1749 3129 dubitari
1778 3105 1892 3129 tamen
1919 3107 1985 3128 non
2012 3102 2147 3138 potest,
2187 3093 2340 3134 lingnam
2367 3099 2462 3132 σακε,

1350 3159 1427 3179 cam
1454 3154 1605 3189 tempore
1629 3143 1661 3175 J·
1689 3143 1728 3175 C.
1755 3143 1859 3175 fnisse
1885 3143 1976 3175 inter
2002 3141 2166 3174 Hehraeos
2203 3134 2390 3186 admodum
2414 3146 2456 3167 n·

1349 3194 1513 3226 sitatam.
1541 3193 1672 3223 Contra
1690 3188 1878 3221 Diodatnm
1897 3189 1961 3231 legi
1981 3195 2137 3220 meretur
2161 3183 2216 3215 vir
2234 3182 2454 3233 clarissumis

1349 3240 1402 3272 Jo-
1429 3239 1530 3270 Rem.
1555 3235 1595 3267 de
1622 3236 1721 3268 Rossi
1748 3235 1784 3268 in
1811 3234 2050 3267 Universitate
2077 3232 2249 3263 parmen-51
2279 3228 2387 3270 langa.
2413 3238 2456 3258 o-

1349 3286 1454 3318 rient.
1475 3284 1649 3317 Professor
1676 3281 1709 3313 in
1736 3280 1870 3316 duabus
1891 3282 2073 3314 Dissertat.
2101 3277 2153 3307 De
2171 3277 2288 3318 lmgmt
2312 3276 2461 3316 propria.

1350 3331 1509 3370 Christi,
1535 3331 1575 3362 Θ
1601 3327 1813 3361 He-braeormn
1833 3328 2014 3363 Palestinae
2033 3331 2112 3368 pest
2138 3330 2287 3366 tempera
2304 3319 2449 3354 Mache·

1348 3379 1449 3413 bzutea·
1473 3377 1605 3412 Pnrmae
1636 3385 1738 3422 ¹77²·
1762 3375 1800 3409 in
1823 3376 1857 3412 8.
1893 3405 1895 3407 .
1940 3396 1942 3400 y
1974 3396 1978 3404 .
