2564 3706
777 90 858 138 DE
892 96 933 138 S·
968 87 1167 137 PETRO
1201 87 1412 137 APOST.
1445 88 1749 136 PRINCIPE.

112 177 195 226 ris,
224 173 274 217 ’ὠ
302 174 510 226 potestatis
538 181 807 225 acceperunt.
845 173 948 226 Ergo
976 172 1075 212 nihil
1105 185 1150 210 ex
1180 173 1226 211 iis

112 243 184 282 pro
212 229 311 268 Petri
341 228 511 266 Primam
541 228 698 265 extundi
728 237 874 280 potest.

169 283 233 322 25.
264 281 377 332 Resp.
408 294 498 320 cuin
535 281 576 319 S.
607 280 758 318 Tlioma
803 284 817 332 (
846 281 901 318 ‘in
931 280 999 318 IV.
1044 279 1226 318 Sentent-

106 335 212 374 Dist.
241 334 363 386 qu.3.
394 343 463 372 art.
484 347 520 372 2.
550 335 779 387 quaestiunc.
798 335 835 373 5.
865 334 911 372 ad
935 347 967 372 i.
998 335 1037 382 ):
1072 334 1226 384 Quam-

110 392 166 428 vis
193 386 375 425 omnibus
395 388 590 439 Apostolis
621 387 722 425 (lata
750 391 799 426 sit
820 391 1088 425 communiter
1118 396 1226 437 pote-

112 449 198 480 stas
227 440 408 494 ligandi,
439 451 558 493 atque
577 440 781 485 solt-enm,-
811 451 952 478 tamen
970 471 980 490 ,
1010 451 1050 478 iit
1080 444 1120 478 in
1150 439 1226 477 hac

110 503 304 546 potestate
333 492 476 546 aliquis
505 495 600 533 ordo
629 494 928 547 significaretur
945 525 955 543 ,
998 499 1126 544 primo
1155 494 1253 532 sol?

115 547 234 586 Petro
264 548 364 586 (latu,
393 558 480 597 est,
523 558 564 586 ut
593 548 853 597 ostendatur,
901 548 1001 600 quoti
1031 547 1081 586 ab
1111 561 1156 585 eo
1187 552 1228 585 in

114 602 217 640 alios
246 601 358 641 <lebet
387 607 466 640 ista
494 612 670 654 potestas
713 601 980 640 descendere.
1029 603 1069 639 ld
1101 611 1228 639 autem

108 657 479 709 praeterquamquod
507 670 553 694 ex
583 657 761 694 constanti
783 655 937 694 l'atrum
967 656 1168 693 traditione
1188 670 1229 693 a·

113 719 219 761 perte
248 709 469 761 colligitur,
518 712 631 748 etiam
663 712 744 762 ipsa
775 710 891 748 verba
921 725 942 748 a
972 709 1081 747 nobis
1118 722 1230 760 supe-

113 764 194 801 rius
223 762 340 801 allata
370 762 586 803 luculenter
616 766 834 802 insinuant.
880 764 1230 814 Antequanrenim

111 814 288 854 clavium
318 824 479 868 potestas
509 819 583 870 ipsi
614 817 810 865 tradatur,
841 818 1112 868 praemittitur:
1173 814 1232 852 Τιι

113 881 159 908 es
189 867 356 918 Petrus,
398 871 450 911 (9⁶
479 884 594 922 super·
623 870 730 909 hanc
757 879 916 920 petram
945 871 1034 910 &a
1065 869 1097 906 8<
1129 878 1232 907 ante-

114 937 235 975 quam
265 925 442 976 pascendi
463 939 606 977 agnos,
636 924 670 961 &
699 937 787 962 oves
801 932 1039 976 praeceptum
1072 923 1130 960 illi
1160 924 1233 960 im—

143 981 308 1026 nuatum,
338 978 452 1016 dicit:
496 978 636 1016 Simon
664 977 834 1015 Ioannis
853 1006 863 1023 ,
897 975 1026 1026 diligis
1056 988 1119 1012 me
1148 976 1234 1026 plus

116 990 214 1068 gis?
254 1029 324 1068 Vel
355 1032 485 1084 itaque
514 1033 653 1069 frustra
684 1031 766 1067 haec
795 1043 816 1066 a
845 1028 1047 1066 Servatore
1077 1038 1201 1064 nostro
1222 1058 1234 1076 ,

116 1082 151 1120 ἃ
182 1083 261 1122 sine
290 1082 372 1122 ulla
398 1084 679 1136 significatione
707 1081 907 1135 praemissa
936 1089 1049 1126 sunt3
1079 1080 1138 1123 vel
1161 1111 1172 1129 ,
1204 1082 1235 1119 si

115 1134 188 1175 hoc
218 1138 385 1190 impium
415 1147 468 1175 est
495 1138 661 1189 cogitare
678 1166 688 1184 ‚
714 1134 1023 1173 concludendum
1053 1143 1133 1182 est,
1165 1148 1236 1173 non

114 1190 250 1228 eodem
279 1191 392 1227 modo
421 1190 537 1228 fuisse
565 1189 674 1228 Petro
702 1203 748 1228 ac
775 1188 911 1226 ceteris
932 1189 1122 1240 Apostolis
1152 1187 1234 1226 cla-

115 1244 225 1283 vium
256 1251 478 1295 potestatem
496 1273 507 1291 ‚
537 1243 795 1296 pascendique
815 1241 1001 1280 dominici
1023 1242 1146 1293 gregis
1167 1255 1234 1280 cu-

114 1309 200 1334 ram
229 1295 527 1343 demandatam3
555 1296 619 1336 sed
640 1295 748 1334 Petro
779 1304 818 1334 ut
838 1297 979 1347 capiti,
1011 1296 1146 1334 ceteris
1167 1309 1235 1333 au-

111 1357 192 1388 tem
223 1358 262 1387 ut
292 1351 477 1388 ministris
514 1351 634 1403 capiti
678 1350 956 1389 subordinatis.
1009 1348 1202 1397 Quamvis
1224 1379 1234 1398 ‚

118 1402 247 1455 inquit
274 1401 316 1441 S.
345 1404 567 1455 Cyprianus
596 1405 612 1455 (
644 1405 682 1442 in
702 1403 790 1442 Lib.
820 1402 871 1440 de
890 1406 990 1441 unit.
1012 1401 1171 1441 Eccles.
1195 1403 1235 1452 )-,

117 1454 318 1507 Apostolis'
343 1455 524 1495 omnibus
544 1470 687 1510 parem
715 1465 952 1508 potestatem
982 1455 1128 1494 tribuat
1145 1488 1155 1505 ,
1187 1457 1237 1497 (9⁹

120 1508 258 1547 dicat:
288 1513 387 1549 sicut
417 1515 526 1549 misit
555 1524 620 1549 me
650 1510 795 1560 Pater,
825 1511 876 1551 (θ’
905 1524 978 1564 ego
1007 1515 1122 1548 mitto
1150 1524 1237 1559 vos,

79 1588 85 1591 -
118 1567 291 1614 accipite
320 1563 511 1616 Spiritum
548 1563 742 1603 SanHum
764 1595 774 1614 ,
823 1568 856 1602 si
898 1569 960 1602 cui
1003 1568 1238 1603 remiseritis

119 1626 292 1670 peccata
309 1647 320 1666 ‚
349 1623 604 1656 remittuntur
621 1620 701 1666 illi,
732 1623 766 1656 si
794 1622 858 1656 cui
886 1623 1152 1667 retinueritis,
1183 1628 1238 1657 te—

119 1670 318 1710 nebuntur·
334 1686 349 1716 ;
385 1681 528 1710 tamen
556 1682 598 1710 ut
627 1675 825 1710 unitatem
856 1671 1172 1724 manifestaret,
1202 1686 1244 1710 u—

121 1728 264 1763 nitatis
292 1725 474 1778 ejusdem
493 1730 691 1780 originem
720 1725 772 1764 ab
792 1739 871 1763 uno
892 1729 1148 1776 incipientem
1171 1739 1246 1764 sua

120 1776 363 1818 austeritate
404 1779 620 1831 disposuit.
667 1779 813 1818 Eadem
859 1780 937 1818 fere
978 1780 1094 1818 habet
1124 1782 1244 1818 etiam

122 1831 165 1873 S.
196 1831 456 1884 Hieronymus
485 1834 577 1873 Lib.
599 1835 630 1873 Ι.
660 1832 750 1872 adv.
779 1832 979 1872 Iovinian.
1001 1835 1080 1872 imo
1109 1833 1246 1886 &ipse

122 1885 290 1924 Isidorus
319 1886 471 1940 Hispal.
514 1889 553 1926 in
595 1889 707 1940 epist.
748 1887 796 1926 ad
827 1887 1080 1939 Fulgentium
1121 1887 1246 1926 Tolet.

123 1938 364 1991 Episcopum
381 1970 392 1988 ,
423 1940 492 1978 ubi
513 1941 614 1980 Petri
634 1940 850 1980 Primatum
879 1954 925 1979 ex
954 1940 1086 1979 multis
1113 1941 1244 1980 Sacrae

122 1991 340 2043 Scripturae
370 1993 464 2032 locis
491 1995 653 2034 ostendit
683 1996 776 2046 (a).

181 2044 248 2091 24.
276 2045 419 2083 lustab.
443 2059 479 2083 2.
518 2047 694 2085 'Traditio
739 2047 912 2084 clavium
955 2056 1034 2083 non
1075 2046 1247 2097 designat

122 2112 322 2138 summam
353 2107 569 2151 potestatem
587 2124 598 2137 .
628 2099 810 2150 Legimus
838 2099 946 2137 enim
975 2099 1084 2136 Isaiae
1115 2099 1245 2137 XXII.

128 2165 197 2199 22.
227 2152 343 2190 fuisse
370 2150 514 2194 distum
543 2152 590 2189 de
618 2151 814 2195 Eliaciin:
861 2150 917 2186 Et
946 2150 1048 2188 dabo
1090 2152 1246 2189 clavem

125 2205 270 2244 domus
298 2204 434 2243 David
461 2216 578 2254 super
607 2202 818 2241 humerum
847 2204 961 2254 ejus,
990 2204 1041 2244 <9¹
1070 2208 1244 2254 aperiet,

127 2259 180 2302 (9
208 2272 291 2297 non
319 2262 392 2297 erit
421 2262 486 2309 qui
507 2255 674 2295 claudat
691 2286 701 2304 ,
731 2257 782 2297 (9¹
801 2255 986 2304 claudet,
1018 2257 1068 2297 (9⁴
1097 2271 1176 2295 non
1206 2271 1246 2296 e-

125 2317 181 2352 rit
209 2316 275 2363 qui
303 2315 486 2364 aperiat.
515 2311 562 2349 At
590 2323 681 2349 vero
709 2309 880 2349 Eliacim
909 2323 1040 2348 servus
1068 2321 1146 2350 erat
1177 2311 1248 2349 Re-

155 2367 185 2405 is
213 2366 390 2405 Ezechiae
408 2395 420 2413 ,
467 2378 512 2404 ac
542 2364 768 2416 praepositus
797 2364 916 2416 ipsius
945 2363 1110 2403 domus.
1159 2368 1180 2418 (
1207 2364 1247 2411 4.

122 2381 225 2472 {⁸3⁸
247 2418 393 2457 XVllI.
429 2416 491 2457 18.
522 2417 556 2453 St
585 2416 695 2456 XIX.
727 2431 765 2456 2.
797 2418 812 2466 )

116 2487 121 2492 ·
184 2473 251 2522 25.
282 2471 396 2525 Resp.
427 2471 510 2510 Hoc
540 2471 624 2510 loeo
652 2482 819 2510 nostram
848 2471 973 2524 potius
1001 2471 1249 2521 confirmari,

125 2541 251 2581 quam
279 2524 531 2574 labefassari,
561 2526 814 2570 sententiam3
851 2534 999 2563 certum
1028 2536 1082 2564 est
1110 2529 1215 2565 enim
1239 2558 1251 2576 ,

130 2595 202 2635 per
228 2580 383 2620 clavem
409 2580 547 2618 domus
569 2579 696 2618 David
726 2578 780 2617 ibi
813 2578 1026 2630 significari
1057 2593 1251 2618 summam

128 2634 331 2676 sacerdotii
363 2642 578 2686 potestatem
597 2663 607 2681 ‚
637 2646 755 2685 quain
787 2632 974 2670 Dominus
1003 2648 1024 2670 a
1055 2633 1184 2673 Sobna
1212 2650 1252 2672 a-

131 2688 280 2728 blatam
311 2687 477 2728 Eliacim
507 2687 655 2724 tradere
692 2687 911 2733 constituit,
957 2687 1054 2724 unde
1083 2686 1252 2726 Eliaeim

133 2744 237 2782 inter
267 2754 434 2780 summos
465 2742 601 2779 veteris
630 2739 841 2794 Syuagogae
872 2739 1072 2778 Pontifices
1116 2755 1251 2779 nnme-

136 2798 218 2836 rari
245 2796 338 2833 solet
365 2795 454 2845 (b).
502 2794 617 2842 Quod
646 2807 737 2833 vero
765 2793 933 2832 Eliacim
977 2804 1105 2831 servus
1136 2795 1252 2833 fuisse

133 2850 288 2889 dicatur
314 2848 521 2895 Ezechiae,
553 2861 691 2901 parum
722 2848 862 2894 refert3
910 2848 949 2885 id
979 2849 1080 2885 enim
1112 2847 1252 2886 intelli-

135 2904 304 2956 gendum
333 2904 482 2941 videtur
511 2903 630 2945 deeo
659 2912 853 2953 tempore,
896 2914 974 2952 quo
1001 2902 1173 2941 norisium
1201 2903 1250 2942 ad

137 2970 339 2997 summum
367 2955 577 2994 Sacerdotii
606 2956 767 3006 gradum
795 2965 947 2992 evectus
975 2955 1123 2994 suerat.

198 3009 264 3050 26.
294 3010 377 3048 lino
406 3009 495 3048 hinc
524 3010 640 3047 etiam
659 3022 792 3048 eorum
821 3011 1001 3049 sententia
1033 3009 1250 3063 exploditur

196 3146 242 3181 (αἳ
274 3143 327 3175 Ita
352 3142 447 3175 enim
472 3141 602 3175 habet:
641 3142 743 3189 Quod
769 3158 844 3179 vero
868 3141 913 3179 <le
938 3142 1123 3189 parilitate
1147 3150 1262 3191 agita-r

146 3188 416 3232 Apostolorum,
444 3189 565 3222 Petrus
590 3196 782 3232 praeemi'nee
808 3196 960 3233 ceteris,
987 3197 1040 3237 ιμιί
1067 3207 1086 3227 a
1114 3192 1260 3226 Domino

96 3264 98 3266 .
143 3237 266 3268 audire
280 3245 401 3269 inerint
417 3250 424 3268 t
454 3235 500 3269 Tu
518 3250 556 3269 es
578 3236 697 3270 Petrus
711 3244 785 3272 (φο.
814 3239 921 3273 Ριιιεε
938 3253 1045 3283 agnae
1061 3253 1172 3273 meos.
1186 3240 1262 3272 Ho-

149 3293 264 3314 norem
292 3281 518 3326 pontificatus
559 3287 592 3316 in
620 3284 757 3317 Christi
786 3283 951 3320 Ecclecia
977 3292 1107 3330 primas
1144 3294 1261 3320 susce-

146 3331 226 3373 pit,
269 3322 365 3375 objus
393 3331 552 3374 dignitas
575 3335 760 3372 potestatis
795 3337 863 3366 etsi
890 3336 936 3368 ad
960 3347 1074 3369 omnes
1100 3334 1260 3369 Catholi-

261 3373 501 3430 Gazzczniga
535 3376 664 3417 leeol.
695 3376 730 3416 T
732 3391 810 3418 om.
837 3379 869 3420 I.

2251 99 2331 151 241

1294 172 1363 224 qui
1392 169 1562 209 clavium
1585 178 1800 221 potestatem
1820 202 1830 220 ‚
1860 185 1978 224 quam
1997 172 2170 213 Christus
2194 173 2306 215 Petro
2322 207 2332 225 ‚
2362 175 2398 213 ἃ

1294 223 1485 276 Apostolis
1506 224 1686 270 tradidit,
1716 224 1815 262 nihil
1837 225 1942 264 aliud
1973 228 2086 267 fuisse
2102 228 2252 278 volunt,
2283 244 2400 282 quam

1294 278 1517 316 facultatem
1547 277 1732 326 docendi,
1782 277 2019 330 explicandi,
2063 282 2099 319 ἃ
2128 284 2403 336 interpretandi

1293 345 1417 370 sacras
1433 331 1572 369 litteras
1589 357 1600 368 .
1629 330 1728 368 Sane
1751 329 1834 368 liaec
1865 342 2019 383 potestas
2040 335 2210 375 clarium
2241 339 2278 375 in
2298 351 2401 375 sum-

1294 386 1367 423 mis
1396 383 1666 423 Sacerdotibus
1695 393 1768 422 vet.
1799 384 1899 422 Test.
1930 400 2059 426 veram
2098 389 2402 440 jurisdifflonem

1295 440 1334 476 in
1367 437 1632 491 spiritualibus
1662 438 1815 489 negotiis
1846 439 2109 488 significabat:
2158 458 2227 482 our
2256 458 2343 497 ergo
2373 446 2405 484 i-

1295 493 1447 545 dipsum
1478 506 1552 531 non
1581 491 1814 544 significabit
1842 493 1958 529 etiam
1989 494 2025 531 in
2055 495 2182 534 novo?

1352 559 1416 597 27.
1446 546 1540 597 Obj.
1572 545 1609 584 5.
1640 545 1679 582 Si
1705 544 1811 582 Petro
1838 545 1968 583 fuisset
1989 549 2224 598 principatus
2254 567 2275 590 a
2293 551 2406 590 Chri-

1297 609 1352 637 sto
1382 602 1427 636 iis
1458 599 1608 637 verbis:
1660 597 1716 636 Tic
1746 611 1788 636 es
1820 598 1956 636 Petrus
1985 600 2056 638 δίο.
2102 600 2134 636 ἃ
2165 602 2290 641 Pasce
2319 618 2409 643 oves

1298 666 1414 690 metis
1443 652 1627 700 collatus,
1659 653 1697 690 id
1728 653 1888 691 min-ime
1919 654 2146 704 ignorassent
2175 659 2287 694 ceteri
2309 658 2410 709 Apo-

1298 706 1411 754 stoli,
1441 706 1584 758 quibus
1612 705 1857 744 audientibus
1886 722 1928 744 ea
1950 706 2059 746 Petro
2087 707 2186 747 ditsta
2215 719 2327 756 sunt3
2358 721 2411 749 at-

1298 762 1364 812 qui
1384 769 1513 798 tamen
1543 770 1680 797 ceteros
1703 759 1896 811 Apostolos
1917 762 1953 799 id
1977 763 2164 813 ignorasse
2192 776 2236 800 ex
2265 777 2310 800 eo
2332 779 2413 803 ma-

1300 815 1403 850 xime
1433 813 1580 866 liquet,
1611 813 1739 865 quod,
1773 822 1811 851 ut
1838 814 1979 852 dicitur
2008 815 2126 854 Lucae
2158 816 2286 857 XXlI.
2319 818 2382 863 24.
2401 849 2413 866 ‚

1290 865 1414 919 fabia
1445 876 1502 904 est
1533 871 1731 905 contentio
1761 871 1864 905 inter
1893 882 1988 917 eos,
2030 873 2115 921 quis
2145 883 2282 909 eorum
2313 871 2415 910 vide-

1302 929 1409 957 retur
1439 934 1523 958 esse
1553 922 1716 973 major:
1753 935 1842 972 quae
1871 931 1972 960 certe
2001 926 2189 962 contentio
2217 938 2291 963 uon
2322 926 2417 964 fuis-

1303 982 1355 1012 set
1383 974 1543 1011 excitata
1561 1004 1570 1019 ,
1619 975 1649 1011 si
1679 976 1858 1014 omnibus
1887 986 2018 1014 notum
2037 1007 2047 1025 ‚
2097 973 2416 1032 perspeEhimque

1303 1026 1384 1077 jam
1413 1035 1520 1073 erat,
1551 1026 1702 1064 Petrum
1732 1042 1808 1066 esse
1839 1029 2001 1068 aliorum
2034 1042 2176 1083 caput.
2209 1032 2317 1071 Hauc
2346 1047 2415 1071 au-

1304 1088 1379 1117 tem
1411 1081 1685 1117 contentionem
1715 1084 1874 1120 omnino
1903 1084 1948 1120 de
1979 1083 2147 1123 Primatn
2182 1086 2324 1136 fuisse,
2372 1099 2418 1124 ex

1305 1133 1601 1174 circumstantiis
1630 1132 1760 1184 colligi
1784 1144 1926 1184 potest;
1958 1136 2054 1174 fasta
2084 1148 2135 1175 est
2164 1141 2268 1177 enim
2300 1142 2338 1178 in
2360 1139 2420 1177 ul-

1304 1188 1397 1224 tima
1418 1199 1529 1224 coena
1546 1215 1557 1234 ,
1588 1194 1787 1238 postquam
1808 1187 1980 1226 Christus
2008 1204 2044 1227 se
2065 1191 2171 1229 brevi
2193 1193 2420 1231 tradendum.

1304 1254 1382 1278 esse
1405 1240 1584 1291 p-raedixit
1601 1269 1611 1287 ,
1645 1240 1742 1277 unde
1772 1242 2011 1279 occasionem
2042 1255 2242 1296 coeperunt
2266 1246 2421 1297 Aposto—

1304 1293 1334 1331 li
1363 1293 1590 1345 quaerendi,
1633 1294 1719 1345 quis
1747 1293 1887 1332 Christi
1919 1295 2093 1334 abeuntis
2124 1299 2224 1336 vices
2250 1307 2425 1350 gesturus

1306 1356 1398 1384 esset
1417 1373 1426 1384 .
1457 1346 1531 1383 Sed
1553 1345 1651 1383 illud
1681 1355 1812 1384 notatu
1834 1347 1993 1399 dignum
2012 1380 2021 1397 ‚
2052 1351 2155 1402 quod
2183 1351 2356 1390 Christus
2377 1352 2426 1390 ad.

1306 1399 1404 1438 hanc
1434 1400 1711 1438 contentionem
1742 1399 1976 1449 tollendam,
2009 1416 2083 1441 non
2117 1406 2324 1457 respondit,
2355 1405 2424 1443 Pe-

1305 1463 1408 1492 trum
1437 1467 1512 1491 esse
1542 1454 1676 1491 ceteris
1697 1453 1912 1505 majorem,
1942 1456 2005 1493 sed
2037 1458 2160 1509 potius
2189 1471 2341 1496 omnem
2365 1461 2424 1497 in-

1306 1517 1360 1546 ter
1391 1521 1450 1545 eos
1481 1506 1781 1560 praecellentiam
1804 1508 2040 1547 eliminatam
2065 1512 2210 1560 voluit,
2242 1513 2423 1550 subdens:

1307 1561 1437 1614 Reges
1457 1564 1638 1613 gentium
1668 1560 1931 1599 dominantur
1952 1577 2116 1612 eorum,
2147 1566 2195 1606 Εἴ)
2225 1571 2288 1616 qui
2316 1576 2424 1617 pote-

1306 1624 1453 1654 statem
1471 1614 1617 1653 habent
1645 1628 1762 1665 super
1781 1629 1849 1653 eos
1864 1647 1874 1664 ,
1904 1616 2072 1669 benefici
2093 1629 2284 1657 vocantur
2301 1647 2311 1658 .
2344 1618 2424 1658 Vos

1312 1679 1450 1708 autem
1481 1682 1562 1706 ηοη
1591 1672 1677 1714 sic5
1707 1668 1776 1706 seii
1795 1674 1860 1720 qui
1891 1672 2027 1722 rzajor
2041 1680 2098 1709 est
2128 1678 2168 1710 in
2189 1673 2291 1712 robis
2309 1705 2318 1723 ‚
2339 1673 2426 1726 fitz-t

1313 1728 1412 1761 sicut
1442 1728 1600 1772 minor,
1627 1723 1679 1763 <9¹
1708 1727 1774 1775 qui
1799 1736 2018 1774 praecessor
2047 1735 2132 1774 est,
2179 1731 2279 1766 sicut
2309 1731 2428 1766 mini-

1313 1787 1462 1825 strator
1479 1804 1490 1816 .

1370 1831 1436 1870 28.
1467 1831 1656 1882 Respond.
1686 1831 1771 1869 Non
1800 1832 1924 1871 deesse
1954 1835 2173 1887 interpretes
2191 1865 2202 1884 ,
2249 1836 2317 1887 qui
2357 1847 2427 1887 pu·

1311 1894 1417 1933 tent,
1450 1885 1545 1923 lianc
1577 1885 1848 1937 Apostolorum
1878 1891 2156 1925 contentionem
2188 1889 2236 1926 ab
2258 1889 2432 1939 Evange-

1312 1939 1400 1977 lista
1421 1939 1528 1977 Luca
1557 1939 1672 1975 fuisse
1694 1938 1850 1975 relatam
1872 1939 1956 1976 loco
1976 1953 2050 1978 non
2073 1954 2138 1979 suo
2156 1971 2166 1988 ,
2198 1951 2323 1994 utpote
2343 1954 2433 1994 quae

1312 1991 1437 2027 multo
1466 1998 1552 2028 ante
1582 1989 1762 2027 ultimam
1793 2004 1947 2029 coenam
1977 1995 2202 2045 contigerit,
2245 1995 2278 2031 &
2309 1994 2435 2047 legen·-

1312 2044 1408 2081 dum
1445 2055 1547 2080 esse:
1595 2041 1744 2079 Fuerat
1786 2054 1922 2082 antem
1968 2046 2017 2085 (θ’
2055 2052 2254 2085 contentio
2295 2062 2435 2086 eorum

1316 2095 1388 2133 ἃς.
1415 2096 1527 2133 Certe
1557 2094 1765 2133 Matthaeus
1795 2097 1887 2134 XX.
1922 2111 1956 2135 2.
2002 2098 2070 2136 illa
2096 2100 2240 2138 Cin-isti
2283 2102 2431 2140 verba:

1319 2149 1521 2199 Principes
1547 2151 1728 2199 gentium
1747 2148 2009 2188 dominantur
2038 2165 2175 2190 eorum
2205 2153 2277 2191 ἃς.
2303 2168 2350 2192 ea
2370 2168 2436 2193 oc*

1313 2203 1465 2241 casione
1495 2202 1636 2250 refert,
1666 2215 1743 2254 qua
1772 2206 1895 2240 mater
1924 2203 2096 2243 filiorum
2116 2205 2295 2245 Zebedaei
2326 2221 2434 2261 roga-

1315 2256 1398 2304 vit,
1441 2263 1481 2292 ut
1511 2268 1608 2293 unus
1638 2267 1771 2292 eorum
1801 2256 1847 2294 ad
1878 2257 2099 2307 dexteram,
2142 2259 2236 2298 alter
2265 2262 2313 2299 a‘d
2343 2263 2436 2300 sini1-

1317 2318 1434 2348 stram
1463 2309 1502 2346 in
1533 2322 1645 2360 regno
1674 2307 1757 2360 ejus
1786 2310 1926 2348 sederet
1959 2312 2044 2362 (c).
2093 2313 2205 2361 Quod
2230 2315 2266 2353 ‘si
2296 2315 2433 2353 admit*

1314 2371 1446 2411 tatur,
1495 2362 1648 2401 fortasse
1677 2363 1869 2400 contentio
1912 2365 2010 2402 inter
2038 2366 2260 2419 Discipulos
2302 2376 2433 2407 exorta

1316 2425 1370 2454 est
1387 2446 1398 2464 ,
1428 2424 1633 2469 antequam
1660 2414 1835 2455 Christus
1865 2415 2018 2457 Petrum
2047 2429 2260 2460 ceterorum
2286 2421 2436 2461 *Princia

1317 2483 1406 2523 pem
1437 2471 1692 2521 designasset.
2420 2485 2424 2490 '

1377 2536 1442 2576 ²9·
1474 2524 1620 2561 Verum
1649 2524 1679 2562 si
1709 2525 1796 2577 quis
1815 2526 1975 2564 omnino
2002 2526 2122 2576 velit,
2153 2528 2250 2568 hanc
2280 2538 2436 2568 contem

1320 2579 1464 2616 tionem
1487 2578 1600 2615 fuisse
1630 2579 1668 2615 in
1692 2588 1878 2630 postrema
1898 2595 2008 2619 coena
2032 2592 2179 2621 enatam
2197 2614 2206 2627 ,
2237 2584 2344 2632 dico,
2375 2584 2436 2621 ni*-

1322 2631 1377 2668 hil
1421 2644 1467 2668 ex
1497 2645 1541 2670 ea
1570 2641 1698 2669 contra
1735 2646 1886 2670 sacrum
1919 2633 2015 2673 Petri
2047 2638 2307 2688 principatum
2350 2637 2436 2675 erui

1322 2698 1453 2737 posse,
1501 2686 1593 2737 quia
1623 2685 1767 2723 ibidem
1797 2686 1991 2725 Christum
2023 2689 2260 2728 solummodo
2288 2690 2438 2730 Prima*-

1321 2748 1402 2776 tum
1447 2740 1656 2777 ambitione
1686 2740 1920 2792 quaesitum,
1969 2741 2002 2777 8(
2031 2744 2196 2794 superbo
2230 2743 2439 2795 supercilio

1321 2793 1632 2831 administratum
1676 2792 1872 2842 excludit,
1921 2794 2138 2846 cujusmodi
2179 2807 2260 2836 erat
2291 2797 2438 2850 Regum

1319 2846 1521 2898 gentilium
1551 2847 1784 2892 dominati03
1815 2857 1888 2885 non
1918 2858 2042 2887 autem
2067 2848 2278 2889 Primatum
2308 2852 2355 2889 ad
2387 2865 2438 2888 ειε-

1318 2901 1579 2938 dificationem
1598 2900 1782 2939 Ecclesiae
1805 2900 1912 2939 Petro
1930 2903 2114 2941 collatum
2134 2935 2143 2945 .
2173 2907 2320 2957 quique
2349 2909 2438 2943 omn

1318 2955 1459 2993 eximia
1489 2952 1716 2992 humilitatis
1754 2955 1889 2992 virtute
1917 2956 2160 3008 rconjunRus
2188 2969 2299 3005 esset3
2347 2973 2440 3011 qua-

1317 3009 1492 3047 mobrem
1523 3021 1596 3046 non
1627 3008 1817 3061 respondit
1845 3009 2043 3050 Christus:
2083 3010 2228 3050 qullus
2257 3017 2304 3051 sit
2335 3017 2437 3048 inter
2477 3027 2486 3032 ·

1894 3080 1896 3082 ·
2323 3078 2385 3102 ros

1329 3157 1442 3180 corum
1466 3144 1662 3190 Episcopos
1687 3150 1741 3178 est
1778 3145 1980 3189 trans-frua,
2022 3145 2210 3190 specialia<
2236 3153 2341 3177 tamen
2370 3142 2436 3175 1³⁰³

1329 3206 1414 3226 ηιαη.
1446 3193 1612 3225 Antium
1640 3194 1810 3236 singulari
1842 3195 2050 3237 privilegio,
2078 3195 2163 3226 velm
2185 3195 2317 3233 capiti,
2344 3198 2437 3223 cete*

1331 3245 1381 3273 ris
1409 3240 1566 3272 membris
1593 3242 1760 3279 cossiart,
1785 3248 1957 3283 permanet
1984 3253 2018 3272 ιη
2046 3248 2197 3272 aeternum
2222 3245 2295 3269 Oe.

1374 3288 1422 3325 (b)
1448 3284 1528 3319 Vid-
1555 3287 1588 3318 S-.
1619 3287 1854 3330 Hieronymus
1882 3287 1914 3318 in
1942 3285 2072 3318 Chi-on.
2098 3297 2127 3317 c-
2154 3284 2208 3324 42·

1372 3337 1420 3375 (c)
1446 3331 1525 3368 vid.
1549 3331 1798 3374 Maldonatus,
1826 3333 2026 3375 &Grotius
2051 3332 2087 3365 in
2112 3329 2403 3364 Commentariis.

1854 3379 1899 3420 51
