2564 3706
787 73 1125 123 SCRIPTURA
1159 72 1300 121 NON
1332 74 1450 121 EST
1484 73 1719 124 CLARA.

76 154 252 210 ignorare
280 162 396 211 potest
416 155 605 208 ingentem
636 153 746 195 illam
766 159 1114 198 controversiarum
1133 169 1190 196 se-

76 223 199 264 getem
217 241 228 260 ,
257 224 344 264 quae
373 219 456 248 tuin
478 212 573 248 inter
591 210 806 251 catholicos
823 242 833 261 ,
864 211 898 247 8<
918 212 1189 262 Protestames,

78 275 160 303 tuin
190 267 286 303 inter
314 263 562 303 Protestantes
592 266 716 317 ipsos,
755 265 869 318 longo
896 265 977 315 jam
1008 269 1190 319 temporis

74 316 281 360 intervallo
307 318 459 370 vigent:
503 319 689 370 quaelibet
737 332 824 371 pars
853 320 1073 374 Scripturas
1114 320 1189 358 sibi

74 371 308 425 patrocinari
350 371 560 423 gloriatur:
604 385 692 425 quae
723 377 788 412 uni
833 375 1046 413 testimonia
1087 373 1194 413 clara

76 424 283 473 videntur,
314 423 364 463 ab
394 426 512 464 altero
541 436 765 478 reputantur
793 427 980 466 obscura:
1022 441 1112 480 quae
1143 425 1193 466 ab

73 478 155 518 istis
184 480 224 517 iu
255 491 334 518 suae
365 493 490 519 causae
520 482 775 532 patrocinium
805 481 1035 529 afferuntur,
1072 479 1122 519 ab
1152 496 1192 519 a-

76 530 143 571 liis
171 532 350 581 diverso,
380 533 415 570 8<
435 546 537 586 saepe
566 536 756 573 contrario
783 549 892 574 sensu
922 535 1191 587 explicantur3

74 585 112 623 ἃ
131 585 240 625 nulla
270 584 427 640 affulget
455 601 565 640 spes,
597 589 768 627 futurum
791 588 999 641 aliquando
1027 588 1190 637 harum,

76 638 112 677 ἃ
141 639 332 679 simil-ium
375 642 717 680 controversiarum
761 640 903 681 finem.
946 641 1011 681 Sic
1041 655 1101 680 ex.
1131 655 1188 693 gr.

76 692 175 733 nihil
213 693 358 733 clarius
385 694 592 734 Catholicis
633 695 770 744 simul,
815 695 849 731 8<
878 695 1104 735 Lutheranis
1134 697 1192 734 vi-

73 747 185 785 detur
212 746 278 786 liis
301 747 452 787 verbis:
483 747 554 786 lzoc
584 759 643 788 est
673 762 812 800 corpus
843 763 1007 798 meum,
1038 763 1106 802 pro
1126 748 1192 787 ad-

75 799 257 840 struenda
298 801 393 841 reali
422 802 564 841 Christi
608 805 813 857 praesentia
850 804 888 841 in
916 800 1192 848 Eucharistia;

74 853 174 897 nihil
204 864 334 894 tamen
363 854 546 896 hallenus
567 858 810 909 profecerunt
838 868 927 893 cum
948 855 1192 904 calvinistis,

73 908 224 960 quibus
252 923 477 961 persuasum
506 919 585 958 est,
622 924 667 948 ea
696 923 774 947 esse
804 907 966 959 figurate
995 910 1192 960 accipien-

74 962 154 1001 da.
194 963 386 1003 Catholici
417 965 600 1015 insuper,
635 961 873 1008 haberant,
906 958 939 995 8(
967 959 1191 1000 Calvinistae

75 1013 158 1066 jam
187 1032 208 1055 a
235 1017 386 1057 duobus
422 1015 574 1055 saeculis
603 1028 696 1054 cum
725 1015 943 1052 Socinianis
973 1027 1043 1066 pro
1072 1028 1192 1063 vera,

73 1067 110 1107 δι
138 1069 454 1111 consubstantiali
474 1066 597 1106 Verbi
616 1068 815 1107 divinitate
845 1077 1017 1120 pugnant
1034 1097 1044 1115 ,
1074 1080 1193 1121 quam

74 1122 119 1162 in
146 1125 264 1164 sacris
305 1123 445 1163 litteris,
468 1121 682 1161 luculenter
723 1122 911 1161 contineri
947 1124 1085 1160 merito
1112 1137 1194 1160 cre-

72 1175 186 1222 dunt;
233 1189 301 1214 nec
330 1183 459 1218 tamen
487 1174 743 1216 controversia
780 1174 934 1223 sublata
969 1184 1052 1224 est,
1101 1179 1196 1229 quia

73 1226 237 1273 nullum,
257 1229 467 1269 adversarii
498 1229 704 1270 admittunt
743 1242 971 1282 supremum
1001 1229 1195 1281 judicem,

71 1283 144 1334 qui
171 1283 217 1322 de
247 1296 338 1322 vero
366 1297 411 1322 ac
439 1283 612 1334 legitimo
638 1283 933 1336 Scripturarum
974 1297 1084 1323 sensu
1111 1298 1195 1325 sen-

77 1337 240 1377 tentiam
267 1336 565 1379 irrevocabilem
595 1338 720 1376 ferat·

130 1389 199 1436 45.
230 1389 338 1428 Hanc
379 1392 570 1430 rationem
597 1390 735 1430 diserte
763 1404 836 1444 pro
875 1403 982 1430 more
1011 1404 1079 1429 suo
1107 1404 1196 1446 pro-

77 1446 186 1495 ponit
215 1443 438 1483 Vincentius
468 1444 682 1484 Lirinensis
710 1446 750 1485 in
785 1445 1026 1484 Commonz't.
1048 1445 1080 1484 Ι.
1109 1461 1196 1500 cap.

80 1510 124 1539 2.
155 1498 360 1549 inquiens:
404 1495 590 1537 Pbrsitan
617 1503 789 1551 requiret
818 1500 989 1551 aliquis,
1018 1513 1117 1537 num
1147 1504 1198 1538 sit

82 1548 282 1602 perfeffus
301 1551 600 1603 Scripturarum
619 1551 762 1591 Canon
774 1583 785 1601 ‚
815 1552 961 1604 sibique
981 1553 1037 1591 ad
1054 1558 1198 1592 omnia

79 1609 208 1654 satis,
251 1617 443 1658 superque
470 1605 672 1654 sufficiat,
715 1604 809 1657 quiri
832 1618 930 1658 opus
959 1616 1019 1645 est
1036 1637 1046 1655 ‚
1090 1617 1133 1644 ut
1161 1611 1198 1646 ei

81 1657 369 1697 ecclesiasticae
397 1659 674 1711 intelligentiae
709 1659 909 1713 jungatur
937 1659 1198 1699 atcffloritas?

81 1710 191 1762 Quia
219 1710 399 1751 videlicet
428 1711 679 1763 Scripturam
710 1725 879 1754 sacram
907 1727 976 1764 pro
1006 1718 1093 1766 ipsu.
1123 1729 1200 1753 sua

80 1764 292 1805 altitudine
320 1777 402 1804 non
430 1779 509 1805 uno
525 1796 536 1815 ,
566 1766 782 1818 eodemque
801 1780 920 1807 sensu
941 1773 1109 1808 universi
1128 1782 1200 1808 ac-

79 1823 257 1873 cipiunt,
287 1819 360 1859 &c.
389 1819 491 1858 Vide
520 1833 637 1874 supra
665 1820 826 1860 Dissert.
848 1821 878 1861 1.
907 1836 946 1860 n.
970 1823 1035 1862 23.

135 1872 204 1919 46.
232 1872 328 1925 Obj.
354 1887 388 1912 ι.
418 1873 525 1912 Deus
567 1876 649 1927 ipse
686 1883 830 1914 tantam
873 1890 950 1915 esse
980 1876 1200 1927 Scriptura·

81 1939 171 1967 rum
199 1928 513 1980 perspicuitatem
550 1936 734 1976 testatur,
779 1938 819 1966 ut
847 1928 962 1980 plane
1004 1929 1112 1967 nullo
1144 1932 1200 1967 in-

75 1976 260 2033 terprete,
290 1989 355 2018 aut
383 1979 518 2029 judice-
542 1982 591 2022 ad
619 1993 684 2018 eas
710 1979 978 2032 intelligendas
1005 1996 1106 2034 opus
1130 1983 1203 2022 sit.

80 2033 193 2079 Nam*
213 2031 330 2072 Dent.
350 2031 485 2072 XXX.
521 2045 581 2071 11.
612 2031 881 2072 Mandatum·
911 2032 1005 2084 hoc,
1049 2037 1202 2088 inquit,

80 2086 187 2140 quod
214 2099 288 2140 ego
314 2090 502 2141 praecipio
531 2085 601 2128 tihi:
627 2085 741 2126 bodie
758 2118 770 2137 ,
799 2100 881 2127 non
909 2101 1031 2138 supra
1051 2097 1088 2126 te
1117 2098 1201 2139 est,

78 2153 211 2194 neque
226 2142 362 2193 procul
388 2145 556 2192 positum
569 2167 580 2180 .
609 2141 714 2189 Quae
727 2141 848 2180 verba
867 2142 908 2180 S.
929 2142 1070 2181 Paulus
1091 2141 1202 2183 Rom.

83 2194 139 2237 X.
158 2195 198 2234 8.
227 2195 440 2249 Evangelio
468 2195 756 2241 accommodat‚
787 2195 980 2247 inquiens:
1023 2194 1115 2247 quid
1145 2195 1203 2234 cli-

79 2253 135 2294 cit
164 2247 408 2302 Scriptura?
436 2247 566 2298 Prope
594 2257 653 2286 est
673 2246 831 2286 verbum
861 2251 902 2285 in
930 2261 1000 2287 ore
1029 2258 1122 2297 zuo,
1151 2249 1202 2291 ὠ·

82 2306 128 2344 in
157 2301 274 2342 corde
303 2312 399 2341 tuo:
427 2300 500 2342 hoc
529 2310 589 2340 est
616 2298 777 2340 verbum
795 2301 900 2355 fidei
917 2333 927 2351 ,
966 2301 1070 2354 quod
1098 2315 1203 2354 proe-

79 2356 297 2399 dicamus.
332 2355 505 2394 Ulterius
532 2353 631 2396 Psal.
653 2353 802 2397 XVIII.
822 2368 864 2410 9.
893 2357 1059 2395 dicitur:
1089 2357 1211 2396 Prae-—

80 2420 240 2459 ceptum
262 2409 430 2448 Domini
448 2408 645 2459 luc-idum,
666 2410 903 2448 illuminans
920 2412 1077 2449 oculos.
1098 2410 1199 2451 Psal.

78 2464 174 2503 item
194 2461 383 2502 CXVIII.
409 2464 499 2502 105.
541 2461 734 2502 Lucerna
775 2463 936 2515 pedibus
977 2468 1079 2504 meis
1115 2478 1201 2504 ver-

82 2514 175 2555 bum
206 2524 317 2554 tuum
335 2546 346 2564 ,
376 2517 427 2558 (9
456 2517 595 2556 lumen
621 2520 775 2556 semitis
804 2521 935 2557 meis.
964 2519 1021 2557 Ac
1041 2520 1200 2558 demum

81 2569 268 2610 Proverb.
289 2569 358 2608 VI.
376 2571 442 2609 23.
473 2569 728 2610 Mandatum
756 2571 924 2609 lucerna
946 2581 1005 2609 est
1022 2602 1034 2621 ,
1062 2573 1112 2613 (90
1133 2574 1202 2611 Iex

82 2624 155 2666 lux
177 2650 188 2663 .
231 2623 338 2662 {dem
366 2623 572 2663 confirmat
600 2626 640 2663 in
669 2637 767 2664 novo
795 2625 898 2664 Test.
931 2625 1199 2675 Apostolorum

87 2677 270 2730 Princeps
286 2691 324 2716 2.
353 2679 465 2730 epist.
485 2678 517 2716 I.-
552 2690 615 2730 ¹9·
643 2679 842 2731 inquiens:
891 2676 1102 2718 Habemus
1118 2680 1201 2733 fir-

86 2735 258 2772 miorem
286 2730 557 2783 propheticum
585 2744 843 2782 sermonem,
874 2738 936 2772 cui
965 2731 1201 2787 benefacitis

86 2783 346 2826 attendentes
367 2816 378 2835 ‚
420 2790 538 2837 quasi
568 2786 746 2827 lucernae
766 2787 912 2826 lucenti
941 2791 980 2825 in
1010 2790 1203 2842 caligino-

89 2851 135 2880 so
164 2839 278 2878 loco:
306 2852 396 2892 ergo
423 2839 497 2881 &c-

144 2893 211 2947 47.
241 2892 356 2947 Resp.
384 2893 433 2933 ad
462 2895 662 2948 primum,
702 2893 761 2935 ibi
792 2906 1006 2936 sermonem
1048 2909 1126 2937 esse
1154 2895 1201 2936 de

89 2948 294 3001 praeceptis
322 2946 467 3000 populo
494 2949 706 2988 Israelitico
733 2950 828 2989 datis
848 2979 859 3000 ‚
897 2965 984 3004 quae
1021 2951 1201 2991 dicuntur

89 3014 168 3041 non
195 3015 273 3039 esse
302 3013 418 3052 supra
447 3002 549 3040 vires
576 3001 803 3054 hominum,
838 3018 964 3058 neque
994 3006 1200 3045 admodum

89 3053 297 3100 difficilia3
327 3055 407 3092 sive
428 3064 466 3092 ut
486 3067 755 3107 cognoscantur
769 3087 781 3107 ,
802 3060 881 3099 sive
902 3068 941 3098 ut
960 3060 1202 3112 adimplean-

90 3113 175 3157 tur,
204 3107 407 3158 adjuvante
436 3110 624 3148 nimirum
653 3113 774 3162 gratia
801 3112 874 3151 Dei
893 3143 903 3162 ‚
933 3127 1020 3167 quae
1051 3112 1203 3152 Israeli-

92 3161 144 3199 tis
171 3162 210 3206 in
231 3172 305 3200 vet.
327 3162 497 3201 Testam.
527 3174 601 3201 non
629 3163 755 3204 deerat
770 3194 781 3215 ‚
812 3181 879 3219 per
895 3167 1009 3206 fidem
1032 3168 1071 3206 in
1091 3167 1204 3206 Chri-

97 3223 198 3253 stum
230 3225 434 3255 venturum
453 3242 463 3254 .
501 3217 737 3270 Quanquam
765 3221 879 3259 etiam
911 3223 951 3260 in
981 3220 1203 3273 hujusmodi

94 3271 300 3321 praeceptis
327 3270 582 3323 intelligendis
617 3270 790 3324 aliquam
817 3276 912 3314 oriri
955 3289 1060 3328 posse
1101 3274 1204 3313 diffi-

92 3321 275 3364 cultatem
291 3353 303 3374 ,
332 3324 519 3369 indicavit
546 3326 627 3379 ipse
656 3324 822 3379 Moyses.
837 3327 995 3376 Denter.
1017 3329 1144 3371 XVII.
1164 3329 1206 3370 8.

2232 83 2280 126 15

1258 155 1293 196 δι
1321 170 1423 211 seq.‚
1452 156 1619 209 jubens,
1663 168 1702 196 nt
1731 160 1761 197 si
1791 158 1939 213 aliquid
1968 157 2150 212 difficile,
2180 160 2215 201 &
2245 99 2371 204 anibi-

1257 223 1377 265 guum
1404 215 1599 260 oriretur,
1648 212 1838 263 judicium
1870 216 2080 253 deferretur
2108 218 2156 256 ad
2187 218 2372 261 Sacerdo-

1255 275 1307 304 tes
1325 292 1335 305 .
1378 263 1426 305 Et
1454 265 1626 305 Christus
1656 266 1849 304 Dominus
1878 266 2017 308 Matth.
2039 269 2129 310 XV.
2160 270 2198 311 3.
2228 273 2262 310 ἃ
2291 287 2371 326 seq.

1257 319 1469 359 Pharisaeos
1511 318 1779 372 reprehendit,
1823 322 1924 372 quod
1966 335 2147 374 quartum
2185 326 2373 380 Decalogi

1261 383 1500 427 praeceptum
1531 387 1646 426 prave
1676 372 1959 425 intelligerent.

1318 426 1383 473 48.
1413 428 1487 467 Sed
1515 427 1707 480 quidquid
1735 429 1808 476 sit,
1847 428 1949 465 male
1977 441 2025 466 ex
2054 427 2123 469 hoc
2153 429 2237 471 loco
2265 435 2372 487 quis-

1261 482 1369 534 piam
1398 480 1616 534 colligeret,
1656 494 1812 519 omnem
1843 481 2085 533 Scripturam
2116 498 2194 523 esse
2224 488 2373 526 intelle-

1262 534 1321 572 &u
1346 533 1603 582 facillimam3
1633 548 1724 573 nam
1756 533 1879 574 multa
1908 535 1986 574 alia
2014 547 2099 575 sunt
2119 539 2306 589 obscura,
2336 539 2372 577 δε

1260 590 1450 640 impervia
1469 619 1478 636 ‚
1508 589 1651 642 quibus
1678 588 1914 642 explicandis
1932 619 1942 638 ‚
1972 588 2007 627 8<
2030 590 2312 644 intelligendis,
2342 594 2377 631 δε

1258 642 1379 680 multo
1408 643 1539 680 labore
1568 657 1663 695 opus
1692 652 1772 691 est,
1803 642 1837 680 ἆ
1866 644 1963 682 duce
1993 644 2154 697 aliquo,
2196 647 2265 698 qui
2295 649 2378 686 sine

1258 695 1340 733 ullo
1359 697 1497 734 erroris
1518 696 1690 747 periculo
1709 710 1777 734 uos
1793 697 1960 750 dirigat.
1987 699 2097 737 Certe
2117 699 2157 737 in
2174 709 2250 739 vet.
2272 699 2378 739 Test.

1260 750 1391 787 omnia
1421 760 1556 789 nostrae
1586 749 1780 802 religionis
1809 751 1986 803 dogmata
2015 754 2218 806 perspicue
2252 756 2378 794 conti-

1260 803 1370 849 neri,
1400 814 1468 841 nec
1497 804 1704 842 adversarii
1736 806 1812 857 ipsi
1839 806 2093 851 contendunt.

1317 854 1384 906 49.
1415 856 1456 894 S.
1486 866 1612 895 autem
1635 857 1774 896 Paulus
1804 857 1859 897 ibi
1890 858 2061 914 loquitur
2081 873 2158 900 non
2187 860 2233 900 de
2251 861 2376 901 omui·

1260 905 1361 955 bus,
1405 907 1439 945 δι
1482 910 1644 961 singulis
1675 911 1884 963 Religionis
1924 923 2058 952 nostrae
2101 915 2376 968 dogmatibus,

1261 961 1324 998 sed
1354 964 1564 1011 generatim
1594 965 1639 1002 de
1682 965 1757 1002 fide
1789 968 1828 1004 in
1857 967 1988 1005 Jesum
2018 967 2242 1018 Christum,
2283 983 2377 1023 quat.¹

1261 1013 1393 1052 salutis
1409 1025 1545 1053 nostrae
1576 1017 1683 1055 radix
1703 1026 1782 1066 est,
1811 1031 1855 1057 ac
1878 1021 2193 1069 fundamentum3
2224 1023 2379 1075 &vult‚

1261 1063 1363 1106 hanc
1393 1068 1511 1106 fidem
1544 1070 1700 1108 facilem
1727 1084 1804 1109 esse
1834 1083 1986 1124 propter
2015 1074 2321 1116 luculentissima
2339 1091 2380 1115 e-

1262 1120 1412 1174 jusdem
1442 1122 1653 1161 servatoris
1697 1126 1815 1162 nostri
1863 1126 2080 1175 miracula,
2128 1130 2226 1167 unde
2271 1130 2382 1169 illico

1263 1175 1414 1214 subdit:
1443 1180 1538 1228 quia
1565 1180 1599 1214 Si
1628 1177 1864 1228 confitearis
1892 1183 1935 1216 z'n
1963 1191 2032 1217 ore
2063 1190 2128 1218 tuo
2157 1179 2382 1222 Dominum

1263 1226 1401 1268 Iesum
1419 1260 1429 1279 ‚
1460 1231 1509 1271 Θ
1538 1234 1579 1268 in
1609 1231 1730 1270 corde
1758 1241 1823 1269 tuo
1852 1231 2071 1272 credideris
2092 1265 2102 1283 ,
2140 1234 2241 1286 quod
2270 1231 2385 1275 Deus·

1266 1283 1377 1321 illum
1407 1288 1610 1322 suscitavit
1639 1298 1667 1322 a
1697 1290 1863 1324 mortuis
1883 1317 1894 1334 ‚
1923 1287 2056 1326 salvus
2084 1293 2163 1327 eris
2180 1303 2194 1327 :
2224 1291 2385 1329 creden-

1265 1336 1314 1375 do
1345 1337 1488 1376 scilicet
1517 1338 1595 1377 alia
1622 1340 1741 1377 etiam
1772 1341 1956 1393 mysteria
1993 1340 2042 1380 ab
2073 1343 2155 1395 ipso
2183 1343 2382 1394 revelata,

1265 1389 1299 1427 &
1329 1391 1566 1430 observando
1595 1394 1726 1431 omnia
1755 1394 1876 1446 ipsius
1918 1395 2126 1445 mandata,
2171 1398 2209 1435 in
2238 1398 2385 1449 quibus

1265 1456 1367 1483 certo
1396 1445 1694 1484 determinandis
1738 1447 1898 1496 multat,
1945 1447 1978 1483 ὅ(
2008 1463 2161 1501 magnae
2201 1454 2384 1491 oriuntur

1266 1501 1534 1538 controversiae
1553 1529 1562 1548 ,
1586 1513 1782 1552 nunquam
1803 1501 2009 1550 finiendae,
2030 1504 2102 1541 nisi
2126 1513 2265 1555 praeter
2280 1505 2385 1545 Scri-

1266 1561 1396 1605 pturas
1415 1582 1425 1601 ‚
1463 1555 1544 1593 vivi
1573 1552 1749 1604 judicis,
1792 1569 1932 1608 nempe
1961 1555 2148 1596 Ecclesiae
2179 1559 2386 1598 oraculum

1265 1608 1446 1645 audiatur
1462 1632 1473 1644 .

1325 1662 1389 1699 50.
1421 1661 1479 1699 Ad
1508 1658 1587 1700 alia
1616 1660 1700 1700 loca
1728 1660 1815 1701 haec
1847 1677 1924 1702 una
1954 1671 2005 1702 est
2034 1666 2253 1717 responsio.
2282 1664 2386 1705 Scri-

1268 1723 1394 1767 pturae
1423 1714 1607 1754 dicuntur
1628 1714 1771 1755 lucidae
1792 1746 1804 1766 ,
1834 1718 1913 1755 imo
1933 1717 2100 1756 lucerna
2118 1749 2127 1767 ,
2157 1721 2206 1759 (9-
2227 1720 2385 1769 lumen,

1268 1781 1343 1807 non
1373 1771 1467 1822 quia
1497 1769 1592 1821 ipsae
1636 1769 1783 1822 ubique
1812 1771 1852 1808 in
1881 1785 1918 1808 se
1947 1771 2063 1809 ciarae
2091 1773 2196 1820 sint,
2239 1773 2274 1810 ἃ
2302 1775 2387 1812 sine

1272 1821 1355 1859 ullo
1383 1822 1461 1860 alio
1490 1818 1729 1861 adminiculo
1757 1825 1803 1861 ad
1833 1838 1963 1862 omnes
1991 1825 2081 1862 fidei
2112 1829 2388 1866 controversias

1268 1875 1460 1913 finiendas
1489 1875 1709 1921 sufficiant3
1750 1878 1816 1914 sed
1847 1879 1942 1929 quia
1981 1875 2159 1928 adjunRa
2199 1879 2299 1919 reeta
2328 1882 2388 1919 in-

1271 1928 1453 1966 fallibilis
1482 1930 1668 1968 Ecclesiae
1697 1930 2009 1982 interpretatione
2040 1944 2105 1969 nos
2134 1932 2388 1984 illuminant,

1271 1980 1306 2017 ἃ
1335 1982 1383 2020 ad
1413 1983 1519 2020 viam
1549 1983 1820 2022 mandatorum
1841 1982 2025 2023 inoffenso
2047 1986 2140 2038 pede
2161 1999 2389 2040 percurren-

1271 2032 1361 2073 dam
1390 2048 1458 2074 nos
1487 2035 1686 2088 dirigunt.
1717 2037 1820 2076 Hinc
1841 2037 1943 2076 idem
1975 2038 2052 2076 Rex
2075 2038 2288 2092 Propheta,
2318 2043 2389 2095 qui

1270 2087 1441 2127 dixerat:
1485 2088 1652 2127 lucerna
1676 2089 1836 2140 pedibus
1866 2095 1967 2129 meis
1996 2091 2154 2130 verbum
2183 2103 2293 2131 tuum
2313 2125 2323 2143 ‚
2353 2097 2387 2134 i·

1269 2139 1402 2180 bidem
1433 2141 1565 2180 lumen
1594 2143 1668 2181 Dei
1700 2142 1870 2194 flagitat,
1919 2153 1958 2182 ut
1987 2145 2204 2199 Scripturas
2248 2160 2388 2200 cogno-

1269 2207 1374 2232 scere
1403 2197 1537 2247 possit:
1580 2193 1652 2233 Da.
1682 2195 1778 2234 mihi·
1806 2196 2070 2249 ιἠεείῖεὲἶιινη,
2100 2201 2150 2241 ²&
2179 2201 2386 2240 scrutabore

1269 2248 1403 2300 legem
1431 2257 1576 2286 tuam:
1616 2249 1762 2288 Revela
1789 2252 1924 2290 oculos
1954 2265 2067 2290 meos
2086 2283 2097 2302 ‚
2124 2255 2176 2295 (9-
2206 2254 2386 2294 consid&

1269 2301 1367 2340 rabo
1397 2301 1600 2341 mirabilia,
1629 2302 1677 2342 de
1706 2305 1792 2357 lege
1820 2314 1913 2343 tua:
1958 2305 2125 2345 Faciem
2154 2316 2268 2346 turim
2298 2309 2386 2347 illit-

1271 2360 1388 2394 mina
1417 2368 1535 2409 super
1564 2370 1719 2397 servum
1750 2368 1861 2398 tuum
1884 2389 1895 2408 ‚
1937 2360 1988 2401 (θ’
2017 2357 2114 2399 <loce
2144 2375 2209 2400 me
2230 2362 2383 2417 justifi-

1268 2413 1449 2449 cationes
1478 2421 1598 2449 tuas:
1636 2426 1680 2450 ac
1710 2413 1863 2451 tandem
1894 2412 1943 2452 ita
1973 2414 2192 2454 concludit:
2235 2415 2386 2456 ,Decio⁴

1271 2468 1377 2502 ratio
1406 2469 1641 2503 sermonum
1670 2474 1826 2504 tuorum
1855 2467 2085 2506 illuminat.

1325 2519 1388 2557 51.
1419 2517 1459 2557 S.
1482 2529 1609 2558 autern
1632 2519 1760 2559 Petrus
1789 2522 1830 2559 in
1860 2521 1945 2560 loco
1972 2522 2123 2575 objc&o
2144 2523 2253 2573 vult,
2283 2537 2384 2578 prae·

1268 2580 1326 2611 ter
1354 2583 1575 2625 argumenta
1605 2589 1626 2612 a
1655 2587 1694 2613 se
1723 2584 1959 2624 memorata,
1998 2592 2086 2630 quse
2114 2577 2255 2617 Christi
2284 2580 2384 2619 divi-

1271 2627 1428 2666 nitatem
1456 2627 1728 2676 ostendebant,
1771 2628 1917 2668 scilicet
1959 2644 2092 2669 vocem
2122 2629 2241 2671 Patris
2275 2633 2384 2671 audi—

1271 2688 1352 2719 tam
1383 2683 1422 2719 in
1465 2690 1592 2719 monte
1623 2680 1783 2720 Thabor
1813 2681 1905 2732 δια,
1948 2698 2024 2722 esse
2053 2686 2129 2725 alia
2169 2688 2287 2725 etiam
2316 2687 2408 2735 fir-‚-

1270 2735 1396 2773 miora
1414 2765 1424 2784 ,
1454 2735 1587 2773 saltem
1617 2732 1788 2788 respestu
1817 2733 2069 2787 Jffltaeorum,
2100 2750 2189 2792 qnae
2219 2754 2264 2779 ex
2294 2738 2384 2779 Pro·

1270 2788 1434 2840 pheticis
1463 2797 1537 2828 vet.
1569 2789 1800 2828 Testamenti
1828 2790 1995 2830 oraculis
2030 2794 2382 2846 depromebantur.

1268 2843 1447 2881 Ceterum
1477 2843 1714 2896 comparatio
1743 2843 1910 2882 lucernae
1939 2845 2099 2885 lucentis
2129 2847 2166 2886 in
2198 2849 2383 2900 caligino-

1268 2910 1310 2936 so
1337 2895 1421 2934 loco
1449 2898 1573 2950 potius
1601 2898 1789 2946 ostendit,
1833 2911 1902 2951 per
1935 2900 2205 2954 propheticum
2241 2914 2383 2941 sermo-

1268 2964 1358 2989 nem
1380 2964 1455 2988 non
1472 2964 1626 2990 omnem
1642 2951 1831 2990 sublatam
1849 2965 1926 2992 esse
1935 2954 2228 3005 obscuritatem,
2249 2969 2383 3009 querno

1269 3005 1476 3043 admodum
1524 3018 1593 3058 per
1634 3004 1835 3044 lucernam
1865 3021 1952 3055 *non
1986 3011 2109 3049 omnis
2151 3010 2296 3050 tollitur
2341 3011 2381 3047 in

1269 3055 1353 3096 loco
1380 3056 1588 3110 caliginoso
1616 3059 1854 3100 obscuritas.

1328 3111 1392 3151 52.
1423 3112 1565 3151 Dices.
1594 3113 1635 3153 Si
1666 3113 1798 3166 aliqua
1826 3123 1878 3153 est
1905 3113 1947 3155 in
1975 3116 2182 3171 Scripturis
2210 3113 2379 3156 obscuri-

1270 3172 1352 3216 tas,
1390 3168 1543 3205 nonnisi
1571 3167 1743 3221 respefhi
1772 3180 1905 3208 eorum
1935 3180 2014 3221 est,
2045 3175 2111 3225 qui
2143 3173 2267 3224 pravis
2295 3181 2378 3206 cor-

1270 3219 1330 3258 dis
1358 3214 1558 3259 aflectibus
1585 3221 1796 3272 obcaecati,
1827 3223 1910 3275 ejus
1930 3224 2295 3277 splendentissimam
2319 3218 2379 3259 lu·-

1271 3287 1354 3312 cem
1385 3274 1513 3312 videre
1542 3288 1618 3328 non
1647 3286 1816 3328 possunt3
1845 3279 1946 3331 quod
1977 3279 2146 3316 Christus
2174 3278 2220 3314 iis
2250 3275 2378 3314 verbis

1272 3326 1419 3369 indicat
1447 3327 1588 3371 Manli.
1609 3329 1680 3371 XI.
1711 3333 1777 3372 25.
1806 3330 2054 3372 Abscontlisli
2073 3328 2156 3370 ἧκε
2171 3344 2200 3369 α
2219 3334 2376 3382 snpien-

2277 3396 2326 3425 tb-
