2564 3706
261 113 316 156 58

195 189 374 228 lationem
407 182 615 224 simulare.
645 183 688 223 Id
715 183 765 236 ab
792 184 970 238 Egyptiis
1002 185 1143 223 fastum
1174 186 1315 229 fuisse,

192 250 320 279 narrat
363 239 470 276 Plato
514 242 528 291 (
559 243 601 276 in
633 236 785 277 Timaeo
817 239 861 287 ),
911 252 977 276 uec
1020 251 1093 276 non
1123 236 1309 288 Josephus

191 293 353 331 Flavius
385 295 399 343 (
430 291 475 330 L.
499 292 529 330 Ι.
559 301 704 330 contra.
734 292 929 342 Apionem
959 291 1008 339 ).
1057 291 1163 327 ldem
1193 289 1309 325 refert

191 344 309 384 Dion.
340 344 655 384 Halicarnasseus
696 347 743 384 de
774 345 901 384 Numa
939 341 1128 394 Pompilio
1172 345 1188 391 (
1217 338 1308 377 Lib.

191 397 262 436 Xl.
294 398 337 447 ).
385 398 517 437 Minos
544 400 732 437 Cretensis
771 400 986 450 frequenter
1014 393 1239 432 ascendebat
1267 393 1306 430 iu

189 461 357 490 montem
387 451 523 490 Disten
541 483 551 501 ,
583 452 726 504 fingens
754 451 858 490 Jovis
888 455 1078 501 praecepta
1106 446 1165 485 ibi
1193 445 1306 484 audi-

187 517 255 544 re.
286 506 341 544 Ac
371 506 527 544 demun·
559 505 760 557 Lycurgus
790 503 986 554 Delpluun
1018 500 1217 550 perrexit,
1265 506 1306 535 ut

185 558 237 597 ab
265 558 421 597 oraculo
453 553 642 611 Apollinis
682 555 932 604 sacras.‘leges
974 551 1162 600 disceret,
1209 564 1306 604 quas

187 610 492 650 Lacaedemouiis
533 611 679 649 laturus
708 618 810 646 erat.
860 607 955 644 Haec
985 604 1020 640 &
1056 605 1201 643 similia
1230 606 1303 642 Le-

186 665 446 716 gumlstorum
478 665 676 703 mendacia
706 663 791 700 suis
819 660 1043 706 ostendunt,
1074 660 1214 697 animis
1236 657 1302 695 ho-

183 720 339 756 minum
370 732 520 770 semper
562 718 717 754 insitum
749 714 862 752 fuisse
890 712 990 764 leges
1020 711 1188 764 religiosi
1217 710 1300 750 cul-

187 779 248 809 tus
278 785 349 810 uon
386 772 435 811 ab
463 772 664 809 hominum
710 768 855 821 ratione
876 795 888 816 ,
933 765 999 805 sed
1027 779 1050 804 a
1078 765 1159 808 Dei,
1183 766 1301 819 ipsius

185 825 379 865 voluntate
407 823 597 876 proficisci
627 820 766 859 debere
784 845 795 858 .

242 891 330 930 ¹¹7·
362 879 492 928 Neque
522 888 611 914 vero
641 874 746 912 rudis
774 873 956 912 duntaxat
985 870 1118 924 populi
1148 870 1231 911 baec
1260 885 1301 908 o-

181 931 291 982 pinio
320 931 420 975 fuit3
457 942 548 970 nant
579 928 694 966 etiarn
724 926 909 966 sublimes
938 925 1159 978 Philosophi
1189 925 1303 979 plane

180 990 466 1033 cognoverunt,
496 995 572 1020 non
602 995 707 1034 posse
737 995 802 1020 nos
831 981 913 1019 siue
929 980 1011 1018 Deo
1039 980 1302 1028 Θιοπρέποοεν,

180 1035 422 1074 semmurum
453 1035 608 1074 Divinae
640 1035 838 1086 Mttjestati
879 1034 1171 1073 convenientem
1199 1040 1303 1070 certo

177 1087 462 1128 determinare.
492 1088 599 1127 Plato
630 1090 646 1140 (
676 1092 717 1126 in
747 1085 986 1139 Epinomicle
1015 1086 1031 1135 )
1061 1089 1266 1122 neminem
1291 1113 1302 1133 ,

177 1143 231 1179 ait
248 1170 258 1190 ,
288 1145 481 1191 pietatem
501 1141 641 1180 docere
661 1155 775 1192 posse
792 1171 803 1189 ,
834 1144 911 1177 nisi
932 1139 1044 1178 Deus
1064 1142 1178 1189 quasi
1194 1137 1298 1187 dux,

179 1194 231 1234 (θ’
260 1200 456 1243 magister
485 1199 736 1245 praecesserit
756 1209 772 1240 ;
818 1193 852 1230 δε
895 1207 1046 1231 rursum
1077 1195 1092 1243 (
1123 1195 1164 1229 in
1194 1191 1301 1228 Alci-

179 1245 296 1286 binde
326 1238 378 1287 Il.
410 1248 641 1298 )Socrate1n
662 1249 840 1295 adducit,
870 1247 938 1299 qui
968 1255 1049 1298 post
1078 1244 1200 1283 multa
1229 1244 1299 1282 hac

176 1301 219 1339 iu
248 1314 287 1339 re
307 1304 495 1354 sapienter
514 1301 615 1340 diet..
636 1300 827 1339 concludit
844 1330 854 1348 ,
884 1298 980 1337 nihil
1000 1301 1120 1336 tutius
1138 1327 1148 1346 ,
1178 1305 1301 1348 atque

176 1355 395 1393 consultius
423 1368 511 1393 esse
525 1367 542 1402 ·,
572 1367 698 1406 quam
725 1356 952 1405 quiescere,
981 1353 1031 1399 <9⁴
1060 1349 1298 1402 expeHare,

177 1405 303 1446 donec
324 1409 466 1460 aliquis
483 1407 663 1446 didicerit
680 1438 689 1455 ,
720 1419 794 1458 quo
814 1410 955 1444 animo
975 1407 1025 1446 (9¹
1045 1418 1144 1457 erga
1166 1403 1275 1442 Deos
1288 1432 1299 1451 ‚

177 1461 227 1500 Θ·
256 1474 354 1513 erga
384 1465 590 1510 proximos
620 1473 707 1498 esse
727 1468 907 1510 oporteat
924 1473 940 1504 ‚·
970 1459 1073 1512 quod
1092 1459 1211 1495 etiam
1240 1470 1301 1495 re-

175 1515 275 1565 perit
306 1517 343 1551 in
375 1512 575 1551 Plzaedone
605 1513 668 1565 (a)
687 1538 697 1551 .

234 1567 323 1605 118.
354 1566 534 1605 Fidenter
564 1565 790 1619 respondent
810 1564 1058 1605 Naturalistae
1090 1562 1145 1616 (b)
1169 1563 1301 1603 Deum

176 1622 282 1658 omni
313 1619 420 1659 cultu
449 1629 663 1660 contentum
693 1634 771 1659 esse
789 1649 800 1667 ,
847 1621 917 1672 qui
955 1619 1160 1671 principiis
1190 1616 1302 1655 reaae

178 1674 338 1712 rationis
366 1687 445 1712 nouv
458 1682 694 1727 opponatur:
721 1674 915 1726 optimum
944 1680 1072 1710 autem
1102 1685 1178 1708 esse
1207 1670 1301 1722 legi-

172 1723 246 1763 bus
263 1725 322 1764 vel
353 1727 524 1765 moribus
545 1726 718 1766 locorum
736 1757 748 1776 ,
777 1729 822 1765 ac
843 1724 1076 1779 populorum
1095 1754 1105 1773 ,
1135 1723 1299 1776 quibus-

173 1791 267 1817 cum
297 1780 493 1828 vivimus,
527 1781 839 1826 accommodare3
869 1792 996 1831 neque
1024 1778 1130 1817 enim
1160 1776 1238 1816 alia
1253 1778 1299 1816 de

176 1830 293 1871 eausa
334 1835 561 1872 exteriorem
590 1832 663 1872 Dei
692 1833 840 1875 cultum
870 1834 1082 1870 institutum
1125 1844 1205 1871 esse.
1233 1844 1300 1870 vo-

174 1882 288 1934 lunt,
317 1900 436 1939 quam
465 1895 506 1924 ut
534 1886 712 1925 membra
741 1885 907 1937 alicujus
935 1884 1125 1923 societatis
1154 1885 1195 1922 iu
1226 1898 1299 1936 pu-

172 1935 282 1978 blica
310 1935 544 1992 professione
563 1940 678 1978 unius
708 1939 902 1990 oeligiouis
930 1938 1048 1976 simul
1078 1938 1295 1982 uniantur3

174 1992 270 2030 adeo
299 2002 339 2030 ut
368 1994 399 2032 si
429 2005 524 2037 unus
550 2001 646 2031 esset
675 1991 791 2030 homo
832 1993 873 2030 in
901 1990 1033 2043 aliquo
1062 1989 1148 2028 loco
1168 2019 1178 2037 ,
1226 1989 1295 2028 ille

176 2045 274 2083 foret
302 2045 352 2084 ab
383 2047 488 2084 omni
518 2046 714 2084 exterioris
740 2043 866 2083 cul-tus
895 2044 1024 2095 debito
1052 2043 1268 2093 immunis.

233 2110 323 2150 119.
353 2098 499 2137 Verum
514 2100 601 2152 quis
618 2098 874 2151 unquamsibi
891 2097 1141 2150 persuadeat,
1170 2096 1300 2135 Deum

170 2151 500 2202 sapientissimum
522 2165 651 2190 rerum
670 2152 846 2190 omnium
876 2150 1173 2202 gubernatorem
1190 2178 1200 2196 ,
1231 2151 1300 2202 qui

171 2203 310 2242 cuneta
339 2204 401 2241 vel
430 2206 690 2244 minutissima
710 2204 759 2243 ad
787 2204 955 2256 gloriam
984 2216 1096 2242 suam
1126 2203 1300 2252 ordinat,

171 2265 284 2309 atque
312 2257 503 2310 disponit,
545 2257 752 2297 hominum
781 2257 945 2296 arbitrio
986 2256 1207 2309 permittere
1235 2269 1302 2294 vo-

168 2308 288 2349 luisse
317 2320 356 2348 ut
371 2325 487 2363 quem
508 2313 674 2366 quisque
700 2311 847 2360 vellet,
871 2311 954 2363 'ipsi
972 2309 1197 2363 religiosum
1219 2309 1302 2348 cul-

169 2371 253 2403 tum
281 2364 512 2405 adhiberet?
541 2367 650 2405 Anne
673 2364 903 2423 ‚philosophi
929 2367 1050 2404 nostri
1078 2363 1302 2413 Quackero-

220 2493 271 2531 (a)
301 2492 385 2526 Haec
411 2492 514 2538 plane
541 2491 727 2539 desumpta
744 2490 910 2525 videntur
936 2502 978 2530 ex
1005 2488 1127 2523 (livino
1141 2487 1290 2533 Sapien-

171 2540 230 2570 τίω
266 2538 329 2572 lib.
356 2540 417 2572 uhi
444 2551 521 2584 cap.
542 2552 576 2585 9.
607 2553 660 2584 ¹7·
697 2542 745 2573 ita
769 2537 905 2571 dicitur
930 2538 1006 2571 Deo
1031 2549 1165 2570 sensum
1198 2545 1289 2570 tuem

168 2589 247 2626 quis
273 2589 383 2619 sciret
395 2608 414 2627 ².
430 2590 503 2620 nisi
519 2595 552 2620 tu
571 2588 716 2621 dederis
733 2589 939 2630 sapientiam
952 2606 963 2625 ‚
990 2586 1032 2617 Θ
1044 2587 1185 2616 miseris
1206 2584 1290 2627 Spi-

173 2634 276 2664 ritum
304 2637 450 2675 sanilam
469 2641 555 2666 tuum
580 2635 624 2667 de
643 2635 834 2667 aletssirnis
850 2653 862 2672 ‚
888 2636 929 2664 (9⁸
959 2634 1013 2664 sie
1036 2634 1191 2675 corrjec‘lae
1219 2635 1291 2663 sint

174 2686 298 2710 semita·
322 2691 457 2720 eorum,
483 2684 539 2724 qni
567 2688 645 2714 sunt
671 2684 707 2714 in
734 2682 840 2714 terris
861 2699 872 2719 ,
898 2681 940 2711 Θ
963 2689 1033 2721 qua
1059 2678 1126 2712 tibi
1149 2679 1290 2722 placent

173 2724 362 2759 didicerint
389 2725 542 2759 homines
556 2751 564 2758 .

219 2770 263 2806 (b)
288 2773 338 2803 lta
366 2775 480 2806 auctor
517 2774 617 2818 impii
654 2772 739 2807 libri
766 2771 835 2806 Les
860 2769 1003 2804 Moeurs
1034 2768 1071 2802 P.
1091 2769 1119 2803 Ι.
1155 2780 1231 2815 cap.
1254 2779 1287 2801 2.

171 2822 237 2845 art.
257 2826 286 2846 1·
314 2819 373 2859 qui
392 2828 511 2861 postea
532 2832 560 2853 c.
576 2821 607 2853 3.
638 2827 706 2853 art.
722 2830 752 2852 2.
781 2826 903 2852 contra
918 2815 1122 2850 Sacerdotes
1148 2815 1289 2848 invehi-

172 2866 231 2891 2111·
248 2881 258 2899 2
295 2862 386 2904 quod
409 2875 537 2898 munus
564 2866 630 2900 sibi
658 2866 909 2909 usurpaverint
938 2862 1112 2896 sacrificia
1138 2861 1213 2895 Deo
1236 2862 1290 2895 of-

170 2904 330 2946 terendi,
358 2910 389 2940 &
413 2910 505 2952 quod
532 2914 639 2946 variis
664 2911 851 2946 exterioris
878 2909 995 2943 cultus
1023 2908 1209 2953 generibus
1235 2919 1290 2941 re-

171 2950 339 2994 ligionem
365 2951 632 2997 deputaverint.
670 2958 786 2999 Hujus
809 2953 898 2991 ‘libri
927 2959 1042 2989 auam-
1065 2956 1175 2988 fuisse
1201 2952 1291 2987 dici-

171 3005 230 3029 tur
257 2997 300 3029 D.
327 2998 539 3041 Toussaint,
582 3003 640 3036 sed
665 3000 783 3049 postea
810 3014 945 3036 errores
984 3004 1019 3035 in
1044 3013 1083 3034 eo
1108 3008 1290 3034 contentos

169 3042 327 3087 ejurasse
354 3045 423 3078 alio
446 3045 542 3079 edito
562 3051 734 3091 opusculo
760 3063 839 3082 ann.
865 3048 968 3094 1764.
994 3047 1230 3081 Ronsseavius
1256 3059 1292 3079 e-

171 3089 260 3122 tia'm
287 3090 322 3123 in
367 3103 430 3124 suo
454 3091 569 3126 Emzle
596 3095 698 3127 Tom-
718 3097 776 3127 111.
803 3108 835 3140 p.
860 3095 938 3137 ¹²4·
978 3106 1049 3128 non
1088 3094 1197 3127 alium
1224 3092 1290 3127 Dei

171 3134 308 3169 cultum
333 3146 519 3170 externum
535 3160 546 3179 ,
589 3152 695 3183 quam
720 3142 779 3184 qui
806 3143 842 3173 in
870 3140 1074 3182 lveo5.'11bi
1105 3140 1260 3174 vivimus
1278 3160 1290 3181 2

171 3181 334 3222 obtinet,
359 3182 619 3219 observandum
645 3198 718 3219 esse
745 3187 946 3219 contendit.

223 3232 271 3267 (c)
291 3228 349 3262 -De
375 3229 519 3274 Scythis
558 3229 593 3263 id
627 3240 802 3266 testantur
829 3233 954 3266 Strabo
991 3233 1030 3266 Ι..
1049 3231 1131 3267 Xll.
1158 3235 1190 3266 ἃ
1216 3233 1288 3266 Lu-

173 3274 295 3306 cianus
323 3276 367 3308 cle
393 3277 585 3319 sacrificiis
603 3301 612 3309 .
639 3278 690 3311 De
710 3279 822 3311 Persis
849 3277 1043 3312 Herodorus
1069 3280 1109 3311 L.
1129 3280 1208 3313 Vll.
1234 3280 1286 3312 De

171 3320 363 3356 Germanis
383 3322 530 3358 Tacitus
554 3323 610 3360 De
635 3325 784 3360 moribus
806 3323 1067 3360 Germanorum.
1092 3325 1283 3361 De·Gallis

974 102 1378 152 DISSERTATIO
1408 102 1468 148 H.
1501 103 1630 149 CAP.
1652 100 1711 149 V.

1383 197 1472 220 rum
1501 184 1753 220 deliramenta
1779 180 2023 233 probabunt„
2070 181 2136 235 qui
2180 196 2201 221 a
2232 181 2314 220 Deo
2343 181 2498 225 interius

1378 245 1579 281 movente,
1610 248 1674 272 seu
1689 235 1813 286 potius
1843 250 1865 273 a
1897 234 2106 286 cujuslibet
2135 236 2395 274 enthusiasmo
2416 252 2499 276 rno-

1377 289 1470 326 dum
1501 287 1670 338 religiosi
1699 287 1825 325 cultus
1853 289 2183 326 determinandum
2216 304 2292 327 esse
2321 290 2500 330 censent?-

1379 344 1395 391 (
1426 340 1518 378 Vid.
1547 338 1810 379 catechismus
1837 340 1939 392 Rob.
1969 342 2121 381 Barclai
2153 344 2248 381 inter
2278 344 2499 393 Quaclteros

1377 392 1651 432 celeberrimi·-
1681 391 1696 440 )
1922 396 1927 400 ’

1382 447 1386 450 ’
1434 459 1522 484 120.
1553 445 1754 495 Ulterius,
1780 448 1811 486 si
1840 448 1892 486 ita
1908 446 2014 486 Deus
2042 457 2196 501 esterga
2212 463 2499 503 quemcumque

1373 500 1491 538 ritum
1522 499 1772 548 indifferens,
1801 502 2035 540 credendum
2066 503 2158 550 erit,
2198 503 2260 540 illi
2287 501 2403 541 'etism
2433 519 2498 543 ac·-

1373 561 1485 605 cepta
1513 566 1590 591 esse
1621 555 1783 606 potuisse
1803 567 1847 591 ea
1875 555 2157 593 sacrificiorum
2187 565 2349 594 monstra
2372 587 2382 605 ,
2412 559 2500 610 qui-

1372 606 1448 644 bus
1475 607 1624 657 antiqui
1654 605 1826 644 Gentiles
1844 634 1855 654 ‚
1902 608 2017 646 etiarn
2060 609 2267 656 cultiores,
2316 624 2497 662 supremo

1369 660 1522 698 numiui
1551 658 1664 697 litare
1679 669 1980 707 consueverunt5
2010 674 2076 700 nec
2093 660 2304 714 improbari
2323 663 2494 715 amplius

1369 721 1546 765 poterunt
1575 711 1831 756 Bachantium
1873 712 2044 763 deliria,
2090 717 2277 767 mysteria
2318 716 2493 768 Orphica

1370 770 1386 818 (
1415 780 1504 819 quae
1547 765 1694 804 scilicet
1722 764 1865 804 Libero
1893 766 2070 817 Orpheus
2099 770 2342 808 constituerat
2372 768 2420 818 ),
2464 771 2499 808 i-

1368 827 1446 858 tem
1476 819 1702 868 Eleusinia,
1750 817 1905 873 aliaque
1946 834 1972 856 a
1999 819 2192 858 Clemente
2235 822 2497 862 Alexandrino

1371 875 1387 924 (
1420 875 1457 911 iu
1487 872 1725 924 Prnplzetico
1743 902 1755 922 ,
1791 887 1857 911 seu
1891 869 2172 912 Cohortatione
2199 873 2422 928 adgentes
2450 875 2496 925 )‚

1372 926 1406 963 &
1448 925 1499 965 ab
1530 926 1702 965 Ar-nobio
1732 930 1748 979 (
1776 925 1816 964 in
1845 925 1958 964 libris
1996 934 2141 963 contra
2173 925 2324 966 Gentes
2351 929 2368 979 )
2399 943 2492 969 cum

1371 980 1611 1018 execratione
1640 988 1970 1019 commemorata.
2017 977 2243 1031 Improbari·
2282 981 2373 1018 item
2413 995 2494 1021 non

1399 1041 1546 1071 oterunt
1572 1032 1758 1071 humanae
1789 1031 1922 1072 hostiae
1941 1062 1952 1081 ,
1997 1032 2132 1085 quales
2162 1031 2268 1086 apud
2295 1031 2492 1086 Scythas,

1370 1047 1499 1124 lssersas
1520 1116 1531 1134 ,
1579 1087 1819 1135 Germanos,
1866 1085 2028 1135 Gallos,
2072 1086 2303 1135 Britannos,
2345 1089 2426 1125 imo
2455 1086 2491 1124 8e

1371 1140 1530 1178 Graecos
1558 1138 1594 1177 &
1625 1139 1812 1179 Romanos
1840 1140 1936 1179 olir‘n
1965 1138 2270 1179 immolabantur
2299 1139 2384 1192 (c):
2423 1153 2493 1179 nec

1369 1193 1528 1231 demum
1571 1193 1695 1232 cultus
1723 1194 1902 1241 omnium
1945 1191 2213 1236 absurdissimi
2243 1192 2408 1242 Fauno,
2457 1191 2494 1231 Bc

1367 1247 1496 1298 Capro
1524 1247 1669 1294 dicati,
1717 1256 1782 1285 aut
1811 1245 1987 1285 Florales
2016 1244 2131 1295 ludi,
2173 1247 2214 1285 in
2242 1247 2412 1298 quibus,
2453 1255 2495 1286 ut

1369 1298 1497 1338 Sana.
1514 1299 1748 1352 Augustinus
1768 1300 1939 1352 loquitur
1959 1301 1975 1351 (
1996 1301 2108 1352 epist.
2122 1312 2190 1352 9¹·
2211 1299 2308 1339 alias
2329 1302 2420 1340 20'2·
2443 1301 2491 1350 )‡‚

1368 1365 1450 1390 non
1478 1366 1600 1401 aves,
1629 1366 1710 1392 uon
1739 1352 2043 1406 quadrupedes,
2086 1365 2167 1390 non
2196 1350 2365 1404 denique
2393 1367 2492 1392 san-

1367 1410 1456 1458 guis
1486 1406 1689 1445 humanus
1711 1437 1723 1454 ,
1769 1406 1852 1445 sed.
1863 1407 1993 1444 multo
2026 1406 2246 1444 scelestius·
2273 1405 2398 1456 pudor
2424 1405 2494 1445 ἢιι·

1371 1471 1523 1498 manus
1553 1459 1643 1498 Diis
1670 1458 1904 1499 offerebatur
1933 1457 1995 1511 (sd)
2019 1483 2030 1497 .

1431 1526 1518 1553 121.
1549 1511 1806 1565 Neque,vero
1833 1512 1922 1551 satis
1952 1519 2007 1550 est
2048 1511 2298 1563 respondere,
2336 1510 2486 1552 abomi-

1359 1565 1518 1605 ‚nabiles
1547 1565 1659 1605 hosce
1688 1567 1783 1605 rit‘us
1801 1596 1812 1615 ,
1842 1569 1876 1603 δι
1905 1566 2163 1619 superstitiosa
2185 1565 2376 1605 sacrificia
2394 1580 2486 1606 cum

1369 1620 1513 1657 ratione
1543 1619 1626 1672 ipsa
1655 1632 1851 1672 pugnare.
1881 1619 1925 1657 Id
1953 1619 2133 1672 equidem
2162 1617 2327 1657 libenter
2355 1632 2494 1669 conce-

1368 1672 1455 1722 do,
1485 1672 1520 1708 δι
1548 1674 1698 1725 praevio
1725 1671 1970 1711 revelationis
1999 1671 2150 1710 lumine
2186 1672 2302 1711 facile
2331 1673 2492 1713 demon-

1368 1734 1530 1764 stratur.
1571 1725 1647 1764 Sed
1676 1726 1707 1764 si
1735 1727 1926 1764 rationem
1954 1724 2075 1764 sulam
2094 1754 2106 1775 ,
2148 1725 2277 1777 qualis
2307 1726 2347 1764 i'n
2375 1727 2488 1765 nobis

1367 1788 1422 1817 est
1437 1774 1685 1818 obtenebrata
1702 1809 1713 1827 ‚
1744 1778 1778 1814 &
1795 1779 1975 1827 infirma,
2004 1778 2276 1827 consulamus,
2305 1792 2380 1817 non
2399 1780 2490 1818 dee-

1366 1840 1477 1881 runt,
1506 1832 1576 1884 qui
1605 1830 1705 1871 hanc
1721 1826 2019 1884 repugnantiam
2039 1831 2202 1870 minime
2223 1832 2404 1872 videant.
2433 1830 2488 1872 Ut

1365 1887 1469 1923 enim
1499 1887 1593 1924 scite
1620 1885 1837 1926 observavit
1865 1884 2062 1937 Bossuetus
2093 1887 2109 1936 (
2138 1881 2332 1923 Discours
2360 1898 2429 1924 sur
2457 1885 2482 1923 l’

1366 1936 1526 1977 historie
1546 1939 1778 1981 univers-elle
1798 1938 1841 1978 P.
1857 1938 1911 1982 11.
1932 1953 2021 1991 cap.
2042 1937 2101 1977 16.
2124 1938 2139 1987 )
2163 1952 2287 1977 rnores
2316 1936 2356 1976 hi
2376 1969 2386 1987 ,
2416 1940 2487 1992 qui

1364 1991 1475 2029 nobis
1504 1991 1748 2031 revelationis
1788 1990 1936 2029 lumine
1973 1992 2138 2042 perfusis
2181 1992 2491 2042 merito-absur-

1369 2044 1520 2083 dissimi
1548 2044 1725 2083 videntur
1741 2073 1752 2092 ,
1782 2057 1859 2082 non
1880 2043 1983 2094 apud
2002 2042 2188 2081 barbaros
2218 2053 2365 2082 tantum
2382 2073 2393 2093 ,
2423 2046 2491 2085 sed

1370 2098 1475 2149 apud
1502 2098 1694 2147 3Graecos,
1742 2097 1777 2135 ἃ
1818 2098 1995 2135 omnium
2037 2095 2269 2135 cultissimos
2299 2095 2491 2138 Romanos

1369 2151 1645 2190 obtinuerunt:
1686 2164 1762 2189 non
1789 2163 1879 2203 ergo
1906 2150 1953 2188 iis
1981 2163 2072 2188 cum
2102 2150 2203 2188 τεᾶᾶ
2241 2151 2389 2189 ratione
2415 2165 2492 2204 pu-

1370 2212 1526 2256 gnantes
1555 2205 1764 2253 visisunt,
1792 2203 2123 2257 quemadmodum
2150 2202 2266 2242 nobis
2284 2204 2491 2245 videntur.

1430 2270 1520 2297 122.
1549 2257 1709 2297 Frustra
1745 2266 1878 2296 autem
1919 2270 1988 2296 nos
2015 2256 2080 2296 hie
2123 2256 2342 2310 interpellat
2371 2255 2492 2298 Rous-

1370 2313 1521 2350 seavius
1538 2341 1549 2360 ,
1580 2308 1755 2363 (Emile
1784 2311 1985 2350 Tom.111.
2015 2325 2055 2364 p.
2082 2311 2208 2360 123.)
2237 2311 2490 2362 contendens,

1368 2364 1652 2418 phantasticam
1680 2363 1953 2407 revelationem
1981 2365 2097 2404 fuisse
2117 2365 2484 2456 absurdissimlorum

2154 2437 2160 2443 ·
2370 2431 2426 2457 10-

1356 2491 1483 2526 Cicero
1507 2491 1699 2538 Orat.·pro
1724 2488 1898 2537 Fontejo‚
1940 2493 1972 2524 ἅτ
1997 2491 2117 2527 Caesar
2144 2489 2184 2524 L.
2200 2490 2264 2525 Vt.
2298 2488 2355 2525 De
2379 2491 2479 2528 Bello

1359 2539 1501 2575 Gallico
1522 2562 1530 2570 .
1556 2540 1609 2572 De
1633 2539 1846 2573 Bretonibus
1871 2537 2006 2572 Plinius
2033 2539 2074 2571 L.
2093 2539 2214 2572 X‘XX.
2239 2537 2340 2571 Htst.
2365 2538 2480 2573 Nam·

1357 2588 1446 2620 ralis
1463 2608 1471 2617 .
1506 2587 1556 2619 De
1583 2586 1718 2619 Graecis
1745 2584 1920 2619 Eusebius
1949 2585 2028 2619 Lib.
2048 2585 2109 2618 Vl.
2135 2584 2282 2628 Praepar.
2311 2584 2480 2629 Evangel.

1357 2645 1387 2666 c.
1413 2633 1490 2673 16„
1523 2635 1557 2665 δε
1582 2633 1757 2678 Virgilius
1795 2631 1875 2664 Lib.
1896 2640 1926 2663 2.
1965 2631 2153 2664 AEneidis·
2171 2641 2205 2660 v.
2231 2629 2308 2663 116¹.
2348 2631 2480 2666 Roma.-

1356 2691 1419 2713 nos
1445 2690 1515 2712 non
1541 2679 1646 2712 fuisse
1664 2674 1772 2722 hujus
1799 2676 2033 2710 immanitatis
2052 2683 2213 2721 expertes
2239 2674 2384 2710 tradunt
2411 2679 2481 2711 La-

1353 2726 1504 2760 &antius
1531 2724 1609 2758 Lib.
1627 2726 1652 2757 1.
1678 2725 1800 2757 Βὶυἱη.
1823 2720 1980 2755 Instant.
2005 2734 2036 2755 c.
2051 2732 2108 2754 21.
2134 2722 2309 2755 M-inutius
2323 2723 2420 2757 Felix
2438 2725 2476 2757 in

1357 2774 1495 2805 Οῐιαριό
1520 2782 1616 2803 num.
1638 2771 1694 2804 25.
1721 2770 1825 2802 Plura
1853 2767 1889 2799 in
1915 2766 2005 2801 hanc
2031 2780 2106 2801 rem
2133 2765 2350 2812 collegerunt
2369 2769 2481 2804 Jacob

1358 2812 1510 2852 Gensius
1537 2818 1574 2849 in
1599 2828 1662 2850 suo
1688 2827 1813 2861 opere,
1839 2811 1988 2848 Vin'mae
2013 2815 2179 2856 hrunanae,
2207 2818 2239 2847 δι
2264 2817 2386 2850 Petrus
2410 2817 2475 2850 Pe·

1356 2866 1403 2898 tit
1431 2863 1510 2898 Lib.
1533 2865 1596 2897 Xr.
1622 2863 1673 2908 De
1701 2857 1979 2900 n'rspoaumym
2007 2870 2112 2906 caput
2136 2873 2188 2896 10.
2217 2865 2247 2893 ἃ
2278 2874 2332 2896 11.

1410 2912 1464 2950 (d)
1487 2910 1678 2944 Obsc'oenos
1704 2907 1766 2941 hos
1793 2909 1990 2942 Gentilium
2016 2906 2115 2941 ludos
2147 2909 2276 2942 merito
2299 2908 2480 2942 detestan-

1356 2965 1420 2991 tur
1447 2958 1540 2990 inter
1578 2955 1803 2999 aliosSnnet.
1831 2955 2049 2999 Augustinus
2077 2954 2156 2989 Lib.
2185 2955 2246 2988 lV.
2284 2955 2341 2990 De
2368 2957 2474 2988 Civit.

1361 3003 1434 3037 Dei
1461 3014 1539 3048 cap.
1565 3002 1599 3035 8.
1625 3005 1657 3034 ac
1686 3002 1885 3035 Ladantius
1913 3001 1990 3034 Lib.
2021 3003 2044 3034 1.
2070 3001 2195 3035 Dicin.
2220 3004 2372 3036 institut.
2399 3012 2475 3045 cap.

1362 3061 1420 3083 20.
1445 3061 1488 3083 ex
1514 3047 1768 3082 ‘recentioribus
1805 3056 1922 3081 autem
1956 3045 2067 3085 videri
2107 3057 2251 3094 possunt
2277 3045 2478 3083 Alexander

1364 3098 1415 3130 ab*
1434 3092 1638 3130 Alexandro
1666 3094 1745 3127 Lib.
1770 3094 1834 3128 Xl.
1863 3095 2004 3129 Genial.
2031 3096 2122 3129 dier.
2149 3106 2224 3138 cap.
2250 3095 2283 3127 8.
2321 3097 2352 3126 8<
2378 3096 2473 3127 Sam.

1360 3142 1512 3176 Bochai-t
1549 3142 1585 3174 in
1612 3138 1821 3174 Hierozoico
1849 3142 1884 3174 P.
1912 3143 1936 3175 1.
1964 3140 2043 3175 Lib.
2070 3144 2112 3175 ll.
2137 3151 2211 3184 cap.
2241 3141 2305 3182 53„
2339 3140 2474 3174 Notum

1359 3198 1414 3223 est
1430 3187 1531 3233 *quod
1556 3187 1722 3220 Valerius
1747 3187 1927 3221 Maximus
1956 3188 1992 3221 in
2019 3187 2098 3222 Lib.
2125 3188 2165 3220 11.
2192 3195 2340 3231 narrat,
2366 3188 2474 3219 fuisse

1362 3238 1534 3270 Catonem
1560 3234 1604 3267 ab
1629 3232 1833 3277 hujusmodi
1858 3233 1951 3268 ludis
1971 3233 2067 3268 abire
2086 3234 2242 3266 concrum
2258 3255 2268 3274 ,
2291 3241 2330 3267 ut
2352 3245 2393 3266 eo
2411 3231 2474 3266 ab·

1355 3291 1454 3317 sente
1476 3288 1594 3326 posset
1617 3281 1768 3328 populus
1794 3279 2028 3328 impudicitiis
2045 3278 2248 3314 effrenatius
2267 3278 2469 3326 indulgere·
