2564 3706
954 88 1034 134 DE
1068 87 1446 135 TRADITIONE
1463 118 1474 130 .

86 175 258 227 gustinus
285 173 404 214 Libro
432 172 462 210 Ι.
492 170 541 208 de
560 179 714 222 peccat.
745 182 845 209 mer.
862 200 872 219 ,
915 170 965 212 (sy
1001 175 1137 209 remis.
1159 185 1194 209 c.

88 228 151 275 24.
195 243 239 267 ac
283 229 358 265 duo
390 225 552 263 Romani
583 223 780 263 Pontifices
818 225 1055 263 Innocentius
1085 226 1115 263 Ι.
1159 224 1194 261 ἃ

87 281 262 319 Gelasius
291 278 538 331 apostolicam
567 292 670 328 esse,
699 288 813 331 atque
841 278 887 317 ad
917 277 1078 317 salutem
1109 291 1193 331 per-

89 335 234 380 tinere,
296 340 476 370 utarunt.
911 342 916 345 ’

145 399 232 436 ¹07·
263 347 377 438 liesp·
406 385 514 424 Alias
555 399 631 424 esse
660 385 876 424 traditiones
911 383 1117 438 spefihtntes
1145 385 1194 423 ad

54 476 57 481 ,
82 437 330 490 disciplinam
349 469 360 487 ‚
397 438 492 477 alias
522 438 568 476 ad
598 439 740 487 fidem,
783 438 817 475 8(
848 452 996 477 mores.
1055 437 1193 475 Primae

83 491 290 530 mutabiles
319 501 428 540 sunt,
457 491 544 529 aliae
574 501 807 542 constantes,
838 491 871 529 8<
903 491 1164 530 immutabiles
1182 521 1193 539 ,

62 543 150 583 'nec
183 559 296 583 unam
327 559 371 583 ex
402 544 460 583 liis
500 546 771 596 posterioribus
802 545 1019 584 Adversarii
1057 543 1193 582 afferre

83 608 313 688 potueruut,
360 612 448 651 quae
492 601 673 651 temporis
716 607 898 637 vetustate
933 597 1192 636 obsoleverit.

115 652 211 689 rimi=
233 654 382 704 generis
400 683 410 700 ,
459 665 532 690 non
561 662 689 690 autem
718 653 902 700 secundi,
950 659 1034 689 sunt
1062 664 1191 688 omnes

78 706 275 743 recensitae
306 706 521 744 traditiones
539 736 549 755 ,
581 706 681 744 uude
709 706 819 757 justis
846 705 892 743 de
921 705 1046 743 causis
1073 717 1193 741 cessa-

81 769 122 795 re
152 767 356 810 potuerunt
374 786 386 797 .

143 811 232 850 108.
261 812 456 861 Quantum
487 826 577 851 vero
606 814 767 865 pertinet
795 811 841 850 ad
870 809 1156 849 Eucharistiam
1180 838 1191 856 ,

80 877 169 916 quie
199 865 295 903 olim
324 867 495 918 parvulis
532 866 720 914 dabatur,
771 863 968 916 respondet
996 861 1193 900 Cardinal.

79 917 255 957 Norisius
285 924 298 972 (
332 923 370 958 in
404 918 595 957 Vintlt'cz'z's
624 919 834 970 Angustia.
863 929 948 967 cap.
969 916 1008 960 4.
1040 914 1077 964 §.
1107 915 1145 959 4.
1177 913 1193 961 )

84 969 273 1011 Romanos
302 972 526 1019 Pontifices,
571 971 603 1006 &
634 971 892 1021 Augustiuum
923 980 995 1005 non
1026 968 1194 1004 censuis-

81 1038 119 1061 se
136 1055 146 1073 ,
176 1025 461 1065 Eucliaristiam
489 1037 566 1062 esse
594 1023 765 1074 parvulis
786 1021 1038 1060 necessariam
1068 1020 1115 1058 ad
1135 1034 1193 1057 sa-

81 1076 203 1116 lutem
221 1109 232 1128 ‚
263 1079 325 1117 sed
354 1080 480 1131 potius
506 1077 770 1128 baptismum3
800 1075 869 1127 qui
900 1083 1027 1111 tamen
1054 1085 1099 1110 ex
1128 1086 1193 1110 ve·

78 1132 148 1168 teri
169 1131 353 1169 Ecclesiae
382 1129 586 1182 disciplina
615 1142 688 1167 non
716 1127 981 1166 conferebatur
1010 1128 1091 1164 siue
1112 1126 1194 1164 Eu-

76 1183 284 1222 charistia.
313 1183 512 1222 Nimirum
533 1182 663 1222 Satist.
693 1181 834 1220 Doaor
863 1191 991 1219 contra
1021 1179 1191 1231 Pelagia-

78 1249 143 1274 nos
172 1238 431 1276 necessitatem
461 1237 643 1290 baptismi
686 1235 755 1273 hoc
785 1243 1013 1287 argumento
1039 1233 1094 1270 ad
1122 1232 1191 1271 lto-

75 1293 228 1327 mt'nem
256 1291 501 1329 ostendebat:
547 1289 743 1342 Pelagiani
773 1289 960 1336 credunt,
1003 1288 1192 1339 sumptio-

76 1356 162 1380 nem
183 1342 437 1382 Eucharistiae
467 1358 546 1382 esse
566 1343 820 1382 necessariam
849 1342 896 1380 ad
918 1341 1082 1379 salutem-
1101 1353 1190 1393 pro-

77 1404 160 1447 pter
189 1395 257 1435 illa
285 1397 424 1435 Christi
467 1397 584 1436 verba
612 1397 722 1435 Joan.
745 1395 814 1434 VJ.
837 1395 900 1442 54.
943 1394 1033 1432 Nisi
1072 1407 1190 1432 man·

77 1449 313 1488 ducaveritis
330 1463 497 1488 carnem
515 1450 598 1503 filii
619 1449 789 1488 hominis
805 1481 815 1499 ,
845 1451 895 1490 (θ’
915 1448 1084 1486 biberitis
1096 1449 1193 1501 ejus

79 1508 349 1554 sanguinein,
381 1518 462 1542 non
491 1503 677 1542 hahebitis
699 1508 820 1542 vitam
851 1507 891 1541 in
912 1501 1041 1540 robis:
1071 1511 1106 1540 at
1127 1515 1192 1539 ve-

79 1569 122 1594 ro
137 1555 380 1596 Eucliaristia
408 1571 484 1596 nou
513 1559 626 1596 datur
644 1559 722 1595 sine
736 1558 987 1609 baptismate:
1017 1568 1105 1607 ergo
1120 1553 1191 1593 &c-

138 1623 227 1663 109.
255 1610 403 1649 Natalis
443 1621 571 1649 autem
600 1610 817 1649 Alexander
854 1613 868 1660 (
899 1610 1058 1647 Dissert.
1081 1608 1191 1645 XVI.

82 1663 125 1701 in
146 1663 248 1702 Saec.
264 1664 313 1701 II.
345 1662 383 1716 ᾗ.
404 1677 467 1702 22.
497 1662 513 1712 >
542 1663 745 1712 observat,
776 1665 901 1716 potius
922 1676 1001 1699 rem
1019 1692 1028 1710 ,
1060 1661 1094 1702 ,ἃ
1114 1662 1192 1699 vir-

78 1725 196 1755 tutem
226 1715 481 1755 Eucliaristiae
499 1747 510 1765 ‚
539 1731 628 1769 quae
658 1720 698 1756 in
727 1715 1024 1769 conjutiffione,
1067 1714 1102 1751 8(
1131 1718 1191 1752 im-
1225 1763 1228 1766 Δ

76 1774 355 1820 corporatione
375 1785 463 1809 cum
479 1770 638 1809 Christo·
652 1772 772 1823 posita
802 1778 880 1818 est,
911 1782 1028 1822 quam
1061 1769 1185 1820 ipsam

75 1822 334 1862 Eucharistiae
357 1825 611 1876 sumptionem
628 1854 638 1872 ,
671 1825 784 1861 fuisse
804 1823 1014 1875 judicatam
1043 1835 1187 1875 parvu-

74 1874 123 1913 lis
152 1879 404 1915 necessariam
422 1904 432 1914 .
462 1878 559 1915 Sane
579 1877 619 1916 S.
641 1877 864 1928 Fulgentius
893 1878 907 1926 (
939 1880 980 1912 in
1009 1888 1112 1925 resp.
1131 1874 1189 1912 ad

74 1933 312 1982 quaestiones
342 1929 540 1968 Fer—randi
558 1930 735 1968 Diaconi
764 1933 873 1981 epist.
894 1929 982 1967 XII.
1012 1943 1098 1980 cap.
1126 1941 1187 1965 11.

73 1995 180 2020 num.
204 1983 269 2019 25.
298 1983 387 2019 edit.
408 1983 528 2020 Paris.
551 1985 588 2020 in
609 1984 647 2028 4.
675 1982 789 2027 1684.
821 1983 837 2028 )
867 1981 1034 2033 affirmat
1051 2011 1061 2029 ‚
1092 1994 1187 2033 pue-

72 2047 133 2073 ros
161 2035 374 2088 baptizatos
398 2035 566 2084 salvari,
613 2036 761 2073 etiamsi
789 2034 1072 2072 Eucharistiam
1111 2046 1186 2072 non

71 2090 326 2140 sumpserint3
354 2088 390 2126 8(
418 2101 464 2126 ex
493 2089 534 2127 S.
555 2089 758 2140 Augustini
787 2087 1036 2135 auetoritate,
1064 2100 1186 2138 quam

73 2140 129 2179 ibi
158 2141 323 2194 allegat,
366 2143 484 2190 dicit,
527 2142 802 2193 ambigendum
832 2154 905 2179 non
935 2154 1041 2187 esse,
1089 2149 1186 2176 tunc

71 2207 392 2247 unumquemque
405 2195 578 2233 fidelium
594 2198 767 2245 corporis
777 2223 787 2242 9
808 2196 1093 2245 sanguinisque
1104 2192 1189 2229 Do-

72 2252 210 2286 minict'
238 2253 475 2301 participem
492 2249 621 2300 fieri,
669 2246 831 2298 quando
858 2250 899 2283 in
941 2244 1184 2297 baptismate

69 2301 294 2340 membrum
327 2301 506 2351 Corporis
535 2300 680 2338 Christi·
723 2300 923 2348 efficitur;
969 2311 1043 2336 nec
1086 2299 1182 2336 alie-

34 2368 37 2372 ·
71 2360 167 2393 nari
195 2354 247 2393 ab
275 2356 340 2393 illo
368 2358 513 2406 panis,
543 2355 754 2405 calicisque
784 2356 1006 2400 consortio,
1038 2356 1182 2389 etiam-

71 2412 106 2445 si
135 2417 357 2458 antequam
385 2421 535 2457 panem
555 2408 665 2444 illum
696 2407 880 2445 comedat
897 2437 907 2455 ‚
937 2407 1183 2456 calicemque

70 2458 201 2508 bibat,
231 2460 279 2498 <le
307 2459 380 2498 hoc
408 2461 555 2499 soeculo
583 2465 625 2498 in·
653 2465 806 2498 unitate
836 2463 1009 2512 corporis
1042 2458 1184 2504 Christi

70 2518 304 2551 constitutus
347 2513 567 2552 abscedat.
615 2514 875 2551 sacramenti·
903 2517 1041 2564 quippe
1082 2514 1183 2550 illius

68 2570 376 2618 participatione
391 2597 401 2615 ,
432 2581 484 2604 ac
503 2567 695 2620 beneficio
724 2580 805 2603 non
825 2570 1000 2616 privatur·
1016 2596 1026 2614 ‚
1055 2580 1184 2616 quan-

70 2619 120 2658 do
139 2623 223 2672 ipse
252 2619 349 2669 hoc,
378 2621 480 2672 quod
498 2621 594 2658 illud
613 2620 926 2658 Sacramentum
956 2623 1058 2672 signi
1083 2619 1182 2669 cat,

68 2683 265 2713 znvemtur
281 2701 291 2711 .

129 2740 217 2765 110.
247 2727 351 2764 Hinc
392 2729 580 2781 sapienter
607 2727 827 2766 Concilium
870 2727 1045 2764 Trident.
1081 2726 1182 2765 sess.

68 2778 181 2818 XXI.
211 2794 298 2833 cap.
319 2781 357 2826 4.
388 2782 523 2830 docet,
551 2783 733 2832 parrulos
747 2795 819 2819 usu
848 2784 1016 2818 rationis
1035 2793 1181 2817 caren-

68 2841 128 2871 tes
155 2833 266 2871 nulla
296 2833 463 2888 obligari
481 2839 722 2874 necessitate
751 2835 805 2873 ad
826 2834 1178 2874 Sacramentalem

69 2885 338 2925 Eucharistiae
365 2894 690 2927 communionem
709 2917 719 2927 .
738 2916 747 2927 .
767 2917 777 2927 .
796 2917 807 2928 .

67 2953 165 2978 men
205 2941 495 2979 damnandam
535 2957 620 2980 esse
657 2947 968 2995 antiquitatem,
1016 2945 1178 2978 si-eum

71 3007 227 3032 morem
257 2998 300 3032 in
329 2994 562 3046 quibusdam
605 2997 701 3034 locis
730 2996 1143 3049 aliquando.servavit
1163 3025 1174 3043 ,

68 3056 110 3085 ut
138 3052 248 3087 enim
267 3047 510 3089 sanfflsstmz·
539 3051 594 3088 illi
615 3049 756 3090 Patres
785 3055 844 3090 sui
866 3048 970 3109 faHi
998 3048 1175 3102 probahi-

114 3232 161 3267 (a)
185 3228 268 3264 Hmc
294 3230 429 3264 rudiori
458 3231 644 3272 Minerva,
677 3233 709 3264 ἃ
733 3231 890 3266 breviter
913 3230 1068 3277 exposita
1094 3238 1187 3263 sunt.

69 3282 133 3319 pro
158 3276 332 3315 solutione
359 3277 575 3311 difficultatis
603 3278 821 3311 Rivettanae.
849 3280 926 3313 Suis
953 3287 1067 3311 autem
1087 3278 1174 3310 locis

67 3330 231 3357 accurate
247 3345 259 3364 ‚
288 3325 493 3371 copioseque
518 3323 738 3366 ostenditur,
764 3326 1036 3371 applicationem
1051 3324 1175 3360 motivi

845 2902 971 2939 neque
1001 2887 1086 2925 ideo
1115 2896 1194 2923 ta-.

2223 92 2309 147 149

1260 170 1337 207 lem
1367 180 1538 206 causam
1568 179 1637 218 pro
1685 168 1784 206 illius
1816 170 2006 220 temporis
2034 172 2191 208 ratione
2228 169 2374 208 habite·-

1261 232 1351 260 runt
1369 252 1379 269 ,
1427 225 1486 259 ita
1515 229 1620 258 certe
1651 233 1715 258 eos
1743 223 1854 259 nulla
1896 224 2036 260 salutis
2065 227 2304 262 necessitate
2333 224 2373 262 id

1249 277 1430 329 jecisse,
1478 273 1722 312 credendum
1765 288 1878 312 esse.
1928 276 2034 313 Unde
2078 278 2191 315 etiam
2220 278 2375 317 canone

1262 340 1400 385 quarto
1415 327 1652 368 anathemate
1668 339 1730 364 eos
1747 327 1919 377 percellit
1936 357 1947 374 ,
1975 330 2044 380 qui
2066 331 2248 378 dixerint,
2277 343 2370 379 par—

1262 384 1356 420 vulis
1373 412 1385 431 ,
1413 390 1634 432 antequam
1664 378 1720 417 ad
1749 393 1880 417 annos
1909 379 2165 419 discretionis
2184 397 2369 434 pervene-

1261 445 1387 484 runt,
1435 438 1715 473 necessariam
1758 446 1844 472 esse
1881 431 2148 472 Euclzaristioe
2190 450 2371 475 commu*-

1261 494 1422 528 nionem
1441 516 1451 527 .

1322 557 1408 581 111.
1437 541 1610 594 Objicies
1641 540 1710 579 ult.
1742 542 1757 592 (
1788 553 1880 578 cum
1909 539 2042 578 Riveto
2071 541 2111 578 in
2139 539 2304 580 Tractat.
2325 542 2377 581 de

1261 610 1333 633 usu
1356 596 1520 633 Patriam
1541 610 1627 647 cap.
1649 595 1687 633 6.
1718 594 1732 643 )
1751 622 1762 632 .
1793 595 1952 633 Etiamsi
1975 595 2085 631 detur
2114 595 2274 632 existere
2296 604 2371 634 tra·

1260 651 1420 687 ditiones
1448 650 1624 697 divinus,
1672 648 1705 685 δι
1735 646 1987 701 apostolicas,
2031 647 2109 685 (lici
2155 646 2373 687 nullatenus

1262 712 1376 754 potest
1394 734 1404 750 ,
1434 717 1496 741 eas
1516 716 1592 741 esse
1608 701 1860 740 verbum-Dei
1878 731 1888 749 ,
1919 715 2008 738 cum
2031 699 2128 739 nihil
2159 701 2265 739 aliud·
2286 714 2375 740 con.-

1260 757 1422 802 timeant,
1452 770 1569 808 quam
1586 756 1845 794 testimonium
1873 754 2106 803 hominum,
2135 753 2168 790 8(
2197 768 2287 792 cum
2310 755 2378 793 lio-

1261 808 1387 845 mines
1407 811 1465 846 isti
1483 839 1494 856 ,
1523 811 1591 861 qui
1613 810 1824 847 traditionis
1845 818 1930 846 sunt
1945 816 2076 857 testes,
2107 816 2188 846 utut
2204 817 2346 846 veteres
2362 839 2377 857 ‚,

1261 859 1385 908 docti,
1415 874 1574 912 graves,
1616 875 1691 900 non
1722 863 1861 900 fuerint
1890 870 2017 899 tamen
2037 862 2182 900 divinae
2212 863 2373 914 inspira-

1261 914 1373 950 tionis
1393 911 1543 951 lumine
1569 914 1746 954 illustrati
1764 945 1776 963 ‚
1807 916 2063 954 testimouium
2084 914 2295 953 infallibile
2308 928 2375 954 no-

1261 965 1322 1003 bis
1351 967 1593 1018 suppeditare
1621 981 1697 1006 non
1727 977 1902 1020 possunt.

1322 1031 1411 1057 112.
1444 1019 1555 1071 Resp.
1585 1020 1816 1058 Nullanenus
1843 1023 1974 1072 negari
1993 1051 2003 1069 ,
2049 1030 2112 1060 aut
2140 1023 2180 1060 in
2210 1020 2375 1060 dubium

1263 1072 1432 1110 revocari
1461 1084 1594 1123 posse,
1624 1072 1833 1110 doctrinam
1854 1074 1945 1111 fidei
1975 1076 2075 1112 avita
2105 1075 2306 1113 traditione
2327 1075 2375 1113 ad

1261 1139 1329 1164 nos
1359 1139 1480 1178 usque
1510 1134 1761 1179 propagatam
1791 1138 1869 1163 esse
1898 1139 2011 1173 vere,
2044 1126 2077 1162 8(
2106 1129 2260 1179 proprie
2290 1141 2372 1165 ver-

1260 1179 1355 1218 bum
1377 1179 1477 1217 Dei:
1507 1188 1561 1217 est
1591 1182 1694 1217 enim
1716 1178 1816 1216 illud
1836 1180 1964 1230 ipsum
1985 1178 2147 1218 verbum
2175 1180 2375 1228 divinum,

1258 1234 1360 1285 quod
1390 1232 1565 1270 Christus
1593 1230 1783 1285 Apostolis
1813 1232 1995 1279 tradidit,
2039 1230 2098 1270 vel
2128 1232 2179 1269 iis
2204 1231 2373 1284 Spiritus

1259 1285 1418 1324 sanstus
1433 1287 1612 1338 suggessit
1630 1312 1639 1322 .
1671 1284 1842 1338 Apostoli
1863 1294 1990 1322 autem
2010 1286 2074 1323 toti
2095 1285 2242 1323 mundo
2271 1300 2371 1338 pree—

1257 1340 1419 1378 dicando
1438 1340 1718 1377 atmunciarunt
1735 1368 1746 1386 ,
1776 1347 1888 1391 atque
1905 1337 2091 1376 Ecclesiae
2107 1337 2374 1391 reliquerunt.

1257 1393 1392 1446 Neque
1420 1405 1510 1431 vero
1537 1392 1667 1441 obest,
1715 1393 1816 1444 quod
1847 1392 2063 1430 testimonio
2099 1400 2270 1430 veterum
2301 1392 2372 1431 Pa-

1257 1456 1389 1494 trum,
1418 1445 1522 1498 quod
1552 1447 1683 1498 utique
1714 1444 1929 1483 humanum
1959 1454 2038 1493 est,
2068 1458 2143 1491 non
2169 1445 2371 1493 divinum,

1259 1501 1471 1538 innitatur.
1518 1498 1560 1537 Si
1590 1500 1693 1536 enim
1724 1497 1811 1536 liaec·
1839 1500 1934 1536 ratio
1961 1497 2132 1546 obesset,
2173 1498 2289 1536 etiam
2326 1500 2377 1538 de

1259 1554 1377 1593 verbo
1405 1553 1479 1591 Dei
1507 1553 1653 1604 scripto
1676 1551 1845 1589 dubitat-i
1877 1551 2056 1589 similiter
2083 1559 2232 1603 posset,
2280 1565 2371 1590 cum

1258 1621 1333 1645 non
1365 1608 1404 1645 in
1433 1605 1563 1644 codice
1591 1604 1827 1657 autographo
1870 1604 1966 1643 illud
1996 1604 2189 1656 legamus,
2237 1606 2300 1643 sed
2330 1607 2374 1644 in

1258 1660 1372 1699 libris
1414 1673 1527 1698 marm
1557 1657 1763 1697 hominum
1797 1671 1878 1696 uon
1917 1659 2186 1709 inspiratorum
2226 1660 2368 1697 exscri-

1258 1723 1397 1767 ptum,
1426 1712 1486 1753 vel
1517 1714 1774 1764 impressum,
1813 1719 1877 1750 aut
1907 1713 2022 1749 etiam
2053 1713 2091 1749 in
2121 1710 2264 1749 alienas
2294 1712 2369 1751 liu-

1257 1782 1349 1820 guas
1377 1779 1631 1805 conversum.
1675 1764 1845 1812 Verum,
1876 1773 1915 1801 ut
1945 1762 2130 1815 Tlieologi
2159 1763 2257 1801 reste
2286 1779 2369 1802 mo·

1255 1829 1368 1869 nent,
1398 1820 1708 1871 distinguendum
1730 1827 1782 1855 est
1811 1821 1997 1854 motivum
2015 1815 2203 1867 formale
2231 1825 2371 1855 nostrae

1256 1875 1347 1912 fidei
1389 1874 1440 1911 ab
1468 1872 1640 1923 ejusdem
1671 1873 1803 1908 motiva?
1832 1869 2030 1922 formalis
2067 1870 2335 1920 applicatione
2356 1897 2367 1909 .

1255 1926 1451 1965 Motivum
1480 1934 1531 1962 est
1560 1925 1693 1963 divina
1709 1923 1892 1961 revelatio
1908 1926 2076 1976 scripto,
2108 1922 2166 1961 vel
2198 1925 2370 1962 traditio-

1254 1993 1300 2017 ne
1329 1987 1504 2017 contenta
1522 2007 1532 2025 ,
1576 1977 1787 2030 applicatio
1813 1978 1949 2016 motivi
1979 1986 2031 2015 est
2072 1977 2192 2029 ipsius
2222 1977 2372 2017 revela-

1253 2034 1364 2070 tionis
1407 2032 1594 2084 cognitiffi
1641 2044 1730 2083 quae
1773 2030 1932 2068 anobis
1974 2031 2186 2082 acquiritur
2216 2045 2284 2082 per
2313 2031 2366 2068 le—

1253 2085 1442 2133 aionem,
1489 2083 1549 2122 vel
1580 2085 1815 2122 auditionem
1844 2083 1953 2121 verbi
1982 2084 2083 2130 Dei,
2125 2091 2202 2120 tam
2233 2085 2272 2122 in
2308 2098 2369 2122 sa-

1252 2140 1327 2177 cris
1356 2137 1579 2184 codicibus,
1620 2150 1740 2188 quam
1770 2137 1813 2174 iu
1840 2135 2033 2174 veteribus
2060 2134 2248 2173 Ecclesiae
2284 2149 2366 2175 mo·

1254 2192 1446 2229 numentis
1476 2190 1570 2240 (a).

1302 2245 1399 2285 413.
1430 2243 1711 2283 Testimonium
1747 2254 1838 2281 vero
1866 2242 1925 2281 Ss.
1955 2241 2138 2291 Panum,
2186 2244 2367 2294 quamvis

1250 2296 1496 2345 humanum,
1527 2296 1561 2332 δι
1590 2309 1658 2348 per
1686 2309 1724 2334 se
1753 2294 1920 2334 fallibite
1949 2297 2015 2344 sit,
2052 2297 2083 2333 si
2112 2296 2268 2334 divisim
2299 2310 2363 2335 ac-

1250 2352 1445 2402 cipiatur,
1475 2351 1505 2388 si
1535 2359 1664 2388 tamen
1684 2346 1940 2388 consideretur
1959 2379 1969 2396 ‚
2000 2358 2110 2401 prout
2141 2348 2256 2401 pleno
2273 2363 2363 2388 con—

1251 2419 1386 2452 sensu,
1436 2403 1612 2455 ubique,
1640 2403 1674 2439 St
1704 2416 1854 2455 semper
1895 2403 2006 2441 nobis
2035 2402 2206 2456 aliquam
2236 2403 2327 2441 fidei
2350 2433 2364 2453 ,

1251 2471 1486 2510 morumque
1511 2458 1706 2494 veritatem
1736 2456 1975 2508 suppeditat,
2006 2455 2081 2494 tale
2109 2466 2187 2504 est,
2226 2466 2266 2494 ut
2293 2469 2366 2496 nos

1250 2512 1474 2565 plenissime
1503 2520 1624 2548 certos
1642 2510 1796 2548 reddere
1825 2509 1985 2557 debeat,
2016 2523 2122 2557 eam,
2152 2509 2186 2546 8t
2217 2523 2290 2548 non
2320 2525 2361 2548 a-

1250 2566 1343 2604 liam
1375 2566 1490 2603 fuisse
1518 2564 1620 2616 apud
1651 2565 1776 2615 ipsos,
1806 2562 1840 2599 St
1870 2564 1972 2615 apud
2000 2576 2155 2611 omnes,
2186 2563 2361 2615 ubique,

1252 2619 1286 2656 81
1315 2620 1419 2656 omni
1449 2627 1617 2669 tempore
1639 2616 1822 2654 Ecclesia»,
1851 2616 1967 2654 fidem
1986 2643 1996 2654 .
2027 2617 2100 2668 Ipsi
2131 2617 2234 2653 enim
2254 2617 2358 2669 quod

1249 2681 1479 2725 acceperunt
1509 2670 1557 2708 ab
1588 2670 1704 2718 aliis,
1749 2671 1829 2708 suis
1855 2672 1996 2708 coaevis
2023 2670 2291 2720 tradiderunt,
2322 2670 2358 2706 8(

1247 2728 1406 2779 posteris
1436 2724 1693 2776 reliquerunt.

1307 2780 1394 2825 114.
1424 2778 1557 2830 Neque
1587 2790 1675 2814 vero
1704 2778 1789 2828 quis
1816 2775 1974 2828 objiciat
2003 2790 2092 2814 curn
2115 2776 2291 2826 Danaen,
2321 2776 2359 2814 &

1247 2833 1373 2871 Patres
1400 2831 1608 2884 aliquando
1628 2843 1791 2877 errasse,
1820 2830 1854 2866 ἃ
1884 2830 1959 2868 sibi
1989 2832 2080 2882 ipsis
2111 2843 2358 2882 repugnasse,

1247 2886 1281 2922 &
1309 2900 1411 2938 saepe
1441 2898 1550 2922 suam
1578 2882 1787 2929 dofirinam
1818 2896 1892 2932 non
1919 2885 1970 2921 ita
2010 2886 2210 2936 perspicue
2239 2896 2354 2936 expo-

1246 2941 1361 2978 suisse
1379 2968 1390 2987 ,
1438 2946 1478 2975 ut
1508 2937 1616 2989 plene
1645 2937 1690 2974 de
1719 2950 1850 2974 eorum
1895 2946 2020 2975 mente
2049 2937 2162 2975 nobis
2187 2947 2356 2975 constare

1247 2995 1359 3044 possit
1377 3019 1387 3029 .
1416 2991 1501 3029 Nou
1519 2993 1704 3042 inquam:
1733 2989 1900 3029 breviter
1929 2993 2033 3029 enim
2065 2991 2353 3042 respondemus,

1246 3047 1331 3086 haec
1352 3046 1481 3085 omnia
1499 3074 1510 3093 ,
1538 3045 1686 3082 etiamsi
1707 3057 1798 3084 vera
1826 3054 1943 3084 essent
1960 3074 1972 3094 2
2001 3044 2051 3083 ad
2072 3058 2155 3083 rem
2181 3055 2353 3084 nostram

2223 3110 2298 3135 non

1244 3227 1401 3262 formalis
1428 3226 1503 3260 fleri
1529 3236 1589 3270 per
1614 3225 1781 3259 Ecclesiae
1819 3225 2044 3258 infallibilem
2082 3221 2343 3270 aiiRor-itqtern2

1243 3275 1466 3320 proponentis
1493 3271 1535 3306 ad
1560 3271 1772 3306 credendum
1797 3271 1961 3316 dogmata
1994 3272 2064 3302 sive
2093 3270 2128 3299 in
2151 3276 2258 3298 sacris
2282 3265 2345 3298 ht-

1244 3331 1328 3356 teris
1343 3343 1358 3362 2
1379 3322 1454 3355 sive
1478 3320 1516 3354 in
1539 3318 1670 3365 divinis
1695 3317 1946 3356 traditionibus
1971 3322 2162 3351 contenta..
