2564 3706
958 94 1038 140 DE
1071 96 1377 142 REVELAT.
1410 97 1469 141 N.
1498 100 1556 141 Τ.
1605 112 1607 115 ’

94 211 101 220 .,
130 184 247 218 trasse
274 178 314 217 in
341 175 618 223 caenaculum,
659 180 772 227 atque
801 187 847 213 ex
874 175 994 214 oculis
1021 177 1229 230 discipulo-

128 244 217 270 rum
246 231 465 275 evanuisse3
505 228 602 265 unde
631 229 816 279 suspicari
845 242 1042 280 possumus
1069 230 1229 283 aliquod

127 284 361 337 phantasma
383 282 498 320 fuisse
515 307 526 319 .
568 279 738 319 Thomas
765 283 921 333 quidem
959 297 1056 336 eum,
1077 293 1228 336 tangere

125 336 270 384 voluit,
300 336 421 374 immo
446 335 582 386 digitos
609 336 649 372 iu
678 333 838 373 vulnera
866 337 1035 385 inferre,
1063 337 1126 375 sed
1148 338 1229 389 pri-

116 401 186 429 ano
203 389 350 427 mirum
370 398 449 437 est,
477 389 516 426 id
542 388 658 425 fuisse
679 387 840 426 'rhomae
861 403 1077 429 concessum
1096 420 1107 438 ,
1136 404 1226 428 cum

117 446 227 481 antea
246 441 491 494 Magdalenoe
518 441 669 479 dixisset
688 440 856 480 Christus
885 458 923 481 se
953 453 1158 495 antequam
1177 444 1226 481 ad

111 494 265 534 ‘coelum
293 495 530 542 ascenderet,
573 495 677 546 tangi
704 509 781 535 non
811 509 916 546 posse
933 526 943 544 ,
972 497 1107 534 Joaun.
1129 491 1222 535 XX.

94 561 182 599 ι17.
212 547 261 588 Et
289 548 447 587 ulterius
475 548 594 598 magis
626 550 769 587 mirum
798 558 876 597 est,
907 551 946 587 in
977 562 1134 600 corpore
1164 551 1221 588 vi-

111 613 162 640 vo
192 614 236 640 ea
265 602 381 641 fuisse
401 601 560 640 vulnera
578 630 588 648 ,
617 616 705 654 quae
734 604 807 655 ipsi
838 612 997 640 mortem
1019 601 1220 641 intulerat.

168 655 258 700 204.
290 655 444 693 Accedit
471 656 656 703 demum,
699 669 743 693 ex
774 663 822 692 tot
851 655 1035 708 populis,
1074 655 1218 707 quibus

109 706 157 746 de
184 707 326 746 Christi
369 705 639 749 resurreetione
682 705 903 759 persuasum
946 718 1070 760 postea
1114 709 1215 755 fuit,

109 759 266 799 nullum
293 763 466 800 omnium
484 761 747 812 Apostolorum
769 763 1029 799 testimonium
1059 760 1215 798 habuis-

112 819 178 862 se,
207 814 268 852 vel
298 812 440 853 habere
469 816 659 868 potuisse;
703 828 791 853 cum
821 815 923 850 enim
953 811 1151 864 Apostoli,
1180 812 1214 848 8<

94 864 301 920 :Discipuli
329 868 378 906 ad
408 868 698 920 praedicandum
718 865 974 916 Evangelium
1004 878 1073 916 per
1096 873 1216 903 totum

93 919 241 966 {orbem
270 921 429 973 dispersi
458 920 623 967 fuerint,
653 919 837 970 quaelibet
865 918 968 955 natio
998 918 1060 954 vix
1085 930 1214 954 ⁴unum

105 973 240 1012 audire
269 976 410 1026 potuit:
453 983 572 1012 unum
601 979 728 1008 autem
758 979 887 1008 testem
917 970 1080 1006 minime
1109 970 1214 1007 suffi-

94 1016 190 1062 cere
207 1057 218 1076 ,
261 1028 458 1079 praecipue
487 1025 555 1063 ubi
583 1024 707 1075 agitur
735 1024 782 1060 de
810 1021 911 1060 fasto
940 1031 1019 1060 tam
1048 1023 1214 1062 incredi-

105 1078 178 1117 bili
195 1110 206 1128 ,
236 1093 347 1118 nemo
374 1081 521 1130 ignorat
542 1102 553 1114 .
695 1102 697 1104 -

161 1133 253 1177 :2⁰5-
283 1132 397 1183 Resp.
426 1131 522 1168 Haee
550 1129 682 1169 omnia
711 1127 893 1168 haetenus
927 1128 1088 1181 allegata
1118 1143 1210 1169 non-

101 1183 179 1223 -nisi
207 1197 331 1222 meras
359 1194 435 1222 esse
464 1179 727 1234 conjestur'as,
764 1194 861 1235 quae'
883 1181 1038 1220 nullum
1069 1185 1212 1236 pondus

91 1235 272 1285 Jiabent,
301 1236 369 1276 ubi
390 1235 533 1276 fastum
557 1236 728 1274 indubiis
755 1236 911 1275 testibus
939 1236 1211 1276 confirmatum

94 1298 181 1337 est,
209 1302 303 1343 quos
331 1305 471 1343 nempe
498 1299 638 1329 constat
666 1303 735 1329 nec
761 1290 888 1342 decipi
918 1292 1110 1342 potuisse,
1139 1304 1210 1328 nec

95 1341 201 1381 alios
221 1343 405 1395 decipere
433 1343 618 1382 voluisse.

157 1395 250 1434 206.
279 1395 554 1436 Verumtamen
573 1426 582 1444 ,
612 1409 661 1433 ne
680 1396 773 1449 quid
802 1394 1061 1435 dissimulasse
1081 1396 1209 1436 videa-

99 1461 219 1497 mur,
255 1449 303 1487 ad
331 1451 502 1501 primum
531 1450 724 1497 dicimus,
763 1448 960 1488 Christum
989 1451 1076 1488 satis
1104 1450 1208 1487 mul-

93 1502 147 1539 tis
175 1501 394 1540 redivivum
423 1503 672 1555 apparuisse,
714 1511 754 1539 ut
782 1503 827 1541 de
856 1501 939 1553 ejus
968 1501 1210 1540 resurrectio-

86 1556 161 1593 <nis
189 1556 347 1594 veritate
373 1556 543 1595 dubitari
572 1570 594 1592 a
623 1557 774 1593 nemine
816 1556 1021 1607 prudenter
1063 1558 1204 1607 possit.

102 1608 235 1654 Quare
254 1617 382 1646 autem
398 1608 710 1661 Magistratibus‚
730 1607 1018 1656 Sacerdotibus,
1040 1608 1073 1645 ἃ
1095 1609 1205 1647 Pri'n-

99 1660 256 1712 cipibus
293 1661 427 1713 populi
463 1674 648 1714 apparere
686 1659 877 1708 noluerit,
920 1674 1033 1712 penes
1076 1664 1204 1714 ipsum

89 1722 177 1760 est,
207 1713 241 1750 &
260 1715 308 1751 ad
329 1714 620 1754 inscrutabilem
649 1712 882 1765 judiciorum
905 1727 1060 1752 suorum
1089 1715 1204 1768 abys—

87 1779 182 1808 „eum
213 1768 400 1817 pertinet,
445 1777 485 1806 ut
513 1769 617 1806 enim
646 1768 772 1819 inquit
803 1766 965 1806 Sanetus
993 1766 1123 1806 Petrus
1153 1770 1204 1806 A-

85 1818 188 1857 klor.
209 1819 264 1858 Χ.
292 1820 359 1865 40.
376 1850 387 1869 ,
432 1820 549 1859 deditv
576 1830 667 1859 eum
697 1818 962 1872 manifestum
991 1820 1093 1874 fieri
1122 1834 1204 1859 non

88 1875 206 1909 omni
232 1873 394 1922 populo,
437 1873 509 1912 sed
536 1872 694 1912 testibus
720 1873 1000 1924 praeordinatis
1028 1887 1056 1912 a
1084 1873 1174 1912 Deo
1192 1902 1204 1914 .

85 1923 197 1963 Hinc
227 1926 402 1977 dignatus
431 1935 484 1965 est
512 1925 712 1965 incredulo
733 1926 896 1964 Thomae
927 1928 1094 1978 seipsum
1119 1927 1202 1978 pal-

83 1977 264 2030 pandum
293 1977 503 2026 exhibere,
540 1992 617 2017 non
647 1987 776 2016 autem
805 1979 924 2016 voluit
952 1979 1048 2016 alios
1076 1980 1202 2017 incre-

87 2029 198 2068 dulos
226 2028 403 2069 similiter
430 2032 680 2070 convincere.
712 2031 878 2069 Venerat
904 2031 1062 2083 quidem
1089 2031 1201 2071 Chri-

90 2093 167 2121 stus
200 2084 327 2135 primo
346 2083 402 2122 ad
419 2097 509 2122 oves
525 2114 537 2132 ,
565 2097 655 2136 quoe
682 2088 882 2135 perierunt
910 2083 1052 2122 domus
1072 2084 1202 2124 Israel

88 2136 203 2176 Mau.
225 2136 316 2175 XV.
347 2137 410 2183 24.
453 2137 757 2190 Sed'postquam
785 2138 844 2175 sui
873 2151 962 2175 eum
990 2151 1066 2174 non
1094 2152 1199 2176 rece—

86 2199 254 2241 perunt,
283 2203 344 2229 eos
371 2190 605 2244 dereliquit,
635 2191 799 2241 aliisque
818 2203 887 2229 sua
906 2189 1096 2227 beneficia
1125 2192 1199 2228 im-

85 2244 222 2294 pertiri
251 2242 401 2283 voluit.
429 2243 550 2292 Nulla
582 2245 708 2294 itaque
736 2243 832 2280 ratio
851 2250 956 2289 erat,
987 2250 1024 2279 ut
1044 2242 1198 2280 Judaeo-

86 2308 176 2334 rum
203 2299 306 2348 genti
337 2312 359 2335 a
387 2309 425 2334 se
454 2296 591 2333 merito
619 2294 831 2347 reprobatae
861 2292 1030 2333 Christus
1059 2296 1197 2347 praeci-

86 2362 212 2400 puum
240 2350 386 2388 divtnae
432 2362 511 2388 suae
547 2348 746 2402 legationis
792 2347 1035 2400 signaculum
1077 2358 1200 2388 osten-

85 2401 187 2438 deret
217 2402 283 2450 (a)
305 2428 316 2441 .
1186 2436 1189 2437 ⁷

148 2466 240 2504 207.
271 2455 328 2491 Ad
358 2452 565 2496 secundum
584 2485 594 2503 ,
640 2453 756 2493 facile
784 2456 946 2508 quisque
975 2454 1104 2503 videt,
1145 2463 1198 2492 te-

85 2505 314 2545 stimonium
356 2507 609 2545 foeminarum
651 2507 722 2544 hac
753 2509 792 2544 in
824 2521 863 2544 re
904 2507 1075 2559 ejusdem
1117 2522 1195 2546 esse

84 2559 290 2610 ponderis,
331 2573 377 2596 ac
407 2562 606 2598 virorum2
649 2559 732 2598 Non
761 2560 864 2597 enim
893 2559 955 2597 hic
997 2562 1120 2610 agitur
1148 2562 1194 2599 de

83 2611 217 2663 aliquo
243 2611 415 2663 dogmate
442 2612 705 2661 discutiendo,
748 2614 787 2650 in
817 2625 894 2664 quo
921 2613 1064 2664 ingenii
1102 2627 1192 2652 acu-

84 2676 201 2712 men,
243 2663 278 2700 &
307 2664 622 2717 praejudiciorum
651 2667 822 2704 vacuitas
851 2666 1063 2717 requirattte
1082 2696 1092 2714 ‚
1128 2667 1191 2705 sed

85 2717 132 2754 de
161 2715 287 2766 fusto,
327 2719 427 2773 quod
470 2720 509 2756 in
554 2732 683 2757 sensus
726 2719 908 2764 incurrit;
952 2718 984 2754 δε
1016 2719 1189 2759 foetninae

83 2782 156 2808 nou
185 2771 340 2819 minus,
384 2785 500 2825 quam
531 2774 633 2821 viri,
675 2772 881 2820 dummodo
917 2770 1044 2810 oculos
1075 2771 1190 2810 habe-

83 2832 193 2872 rent,
222 2823 418 2867 Christum
447 2827 664 2867 redivivum
693 2827 885 2880 aspicere,
915 2825 948 2863 8<
969 2838 1190 2878 cognoscere

83 2885 284 2930 poterant·

123 3076 173 3112 (a)
207 3071 449 3112 Tertullianus
474 3073 511 3106 in
536 3074 766 3119 Apologetico
791 3087 867 3121 cap.
895 3086 950 3109 21.
982 3075 1056 3110 haec
1080 3073 1186 3109 habet

80 3113 122 3147 de
147 3119 231 3153 Jesu
255 3118 418 3153 Christo:
446 3133 509 3153 nec
535 3123 599 3154 ille
625 3135 662 3154 se
687 3128 721 3166 {n
751 3126 867 3168 vulgus
894 3125 1013 3157 eduxit
1030 3143 1040 3161 2
1065 3135 1104 3154 ne
1124 3126 1187 3155 im-

79 3166 131 3203 pii
159 3178 275 3199 errore
299 3168 555 3205 liberarentur;
579 3176 616 3202 nt
639 3174 682 3210 Φ
698 3170 798 3214 fides
825 3184 889 3204 non
913 3172 1079 3204 mediocri
1104 3181 1185 3212 pm-

78 3214 140 3243 mii
166 3213 367 3254 difficultate
393 3222 590 3248 constaret.

129 3259 176 3297 (b)
200 3259 318 3293 Aliam
342 3259 450 3304 hujus
470 3261 535 3294 loci
561 3259 621 3293 sed
641 3262 828 3306 mysticam
848 3264 1128 3308 explanationem
1148 3262 1182 3294 S.

81 3303 233 3350 August.
259 3304 368 3341 tradit
393 3308 507 3342 Serm.
528 3307 606 3352 244.
633 3311 665 3342 8<
684 3306 764 3351 245.
791 3309 834 3343 Τ.
861 3310 904 3346 V.
941 3309 1104 3345 Ridicula
1122 3320 1185 3342 au-

2233 124 2249 154 ς
2261 121 2275 147 r
2291 121 2305 149 1
2318 111 2340 150 5

1351 176 1442 216 208.
1471 176 1668 226 Ulterius,
1710 181 1856 221 etiamsi
1891 182 2102 235 rejiciatur
2140 185 2404 226 testimonium

1295 231 1575 280 foezninarnm,
1617 244 1746 270 annon
1774 237 1860 272 satis
1888 246 1998 274 erunt
2036 237 2216 277 undecim
2244 240 2405 290 Apo-to-

1293 284 1321 323 li
1338 283 1353 323 ?
1382 285 1520 322 Annon
1551 282 1677 337 plures
1697 284 1914 337 Discipuli?
1943 291 2084 329 Annon
2103 291 2269 344 denique
2285 294 2401 344 q‘diu-

1292 340 1421 390 geuti,
1451 336 1485 374 &
1511 336 1684 388 amplius
1713 337 1877 377 fratres?

1351 403 1442 443 2⁰9·
1471 390 1584 438 Quod
1613 391 1644 428 si
1671 390 1749 428 duo
1774 390 1973 444 Discipuli
1999 402 2127 434 euntes
2146 397 2197 435 -in
2212 397 2401 438 Emmaus

1293 457 1368 483 non
1399 443 1505 482 illico
1533 442 1763 495 Magistrum
1790 458 1904 483 suum
1933 457 2218 498 coguoverunt,
2245 450 2286 488 id
2315 452 2401 490 ideo

1292 498 1363 534 fuit
1381 527 1391 545 ,
1433 500 1527 548 quia
1556 497 1658 534 oculi
1686 510 1823 535 eorum
1850 498 2117 547 tenebantur,
2155 513 2206 538 ne
2233 514 2324 541 eum
2353 517 2400 542 a-

1287 560 1525 602 gnoscerent
1553 550 1671 588 Lucae
1694 549 1846 590 XXIX.
1874 551 1933 590 ¹6.
1964 551 2035 590 hoc
2055 561 2108 590 est
2127 552 2301 592 Christus
2321 556 2399 594 Dc-

1289 605 1416 642 minus
1444 604 1568 642 causis
1595 603 1670 641 sibi
1700 604 1903 658 perspeffls
1933 606 2105 643 nonduin
2136 606 2333 655 voluerat,
2362 622 2398 646 se

1288 656 1365 693 illis
1395 656 1525 707 palam
1554 657 1770 705 ostendere,
1800 658 1902 710 quod
1924 667 2052 711 postea
2080 659 2199 708 fecit,
2228 657 2262 694 ἃ
2283 660 2396 712 ipsis,

1284 707 1318 744 &
1347 709 1433 746 aliis
1463 708 1662 761 discipulis
1700 712 1898 750 manifeste
1940 724 2156 764 apparens,
2199 712 2331 765 eisque
2358 726 2398 751 ο-

1282 763 1363 798 mni
1393 771 1703 813 argumentorum
1731 777 1869 816 genere
1912 767 2110 804 veritatem
2139 766 2200 803 sui
2228 769 2398 818 corporis

1282 813 1565 853 demonstrans:
1606 817 1798 868 palpate,
1837 818 2075 872 inquit,-&
2105 817 2258 867 videte,
2300 822 2396 870 quta

1281 869 1441 914 spiritus
1469 880 1637 907 carnem
1655 899 1666 918 ,
1703 870 1754 911 ὠ·
1781 883 1876 909 ossa.
1905 884 1986 910 non
2015 870 2158 921 habet,
2201 875 2301 910 sicut
2330 885 2396 911 me

1283 917 1418 956 videtis
1456 918 1626 970 habere,
1667 921 1703 958 8:
1732 937 1895 972 manus,
1943 925 2135 978 pedesque
2173 925 2395 975 osteudens,

1279 980 1396 1023 atque
1424 972 1466 1011 iu
1495 975 1549 1011 eis
1579 973 1766 1024 vulnera,
1796 976 1830 1012 &
1859 977 1944 1016 loca
1974 977 2203 1026 clavorum,
2232 991 2326 1018 cum
2339 981 2394 1019 eis

1281 1023 1501 1076 colloquens
1522 1055 1533 1074 ,
1563 1040 1606 1064 ac
1635 1027 1800 1080 denique
1829 1030 2067 1069 manducans
2087 1060 2098 1079 ,
2130 1029 2162 1066 St
2191 1030 2327 1069 bibens
2345 1058 2357 1070 .

1337 1090 1429 1115 210.
1459 1078 1618 1116 Intravit
1632 1080 1789 1130 quidem
1810 1082 1850 1118 in
1870 1083 2118 1120 coenaculum
2136 1083 2266 1134 januis
2285 1085 2392 1123 clau-

1279 1130 1360 1177 sis,
1404 1139 1518 1183 atque
1555 1133 1712 1170 evanuit
1740 1145 1786 1170 ex
1827 1133 1952 1171 oculis
1981 1135 2275 1185 Apostolorum.
2317 1138 2392 1176 Sed

1283 1183 1378 1221 nihil
1408 1184 1498 1222 inde
1526 1183 1657 1236 colligi
1689 1193 1806 1236 potest
1835 1194 1965 1224 contra
1994 1187 2076 1238 ejus
2104 1189 2274 1239 corporis
2293 1192 2392 1228 veri-

1279 1246 1416 1283 tate1n5
1445 1237 1542 1275 sicut
1571 1237 1699 1289 inepte
1726 1239 1812 1290 quis
1841 1241 2063 1291 negaverit,
2083 1252 2173 1278 eum
2201 1248 2288 1278 ante
2306 1255 2392 1294 pas-

1278 1293 1424 1328 sionem
1453 1298 1589 1328 verum
1619 1290 1798 1330 habuisse
1825 1305 1992 1344 corpus,
2034 1294 2129 1346 quia
2158 1307 2181 1331 a
2209 1292 2389 1333 Nazarae-

1277 1357 1416 1382 norum
1443 1341 1566 1381 oeulis
1583 1372 1594 1391 ,
1623 1344 1753 1395 ipsum
1781 1344 1827 1382 de
1846 1345 2054 1397 supercilio
2083 1347 2221 1385 montis
2251 1350 2390 1399 praeci—

1278 1397 1399 1448 pitare
1428 1394 1637 1434 volentium
1667 1410 1704 1434 se
1734 1396 1921 1436 subtraxit
1940 1397 2066 1437 Lucoe
2085 1398 2154 1437 IV.
2179 1412 2244 1452 29.
2266 1400 2300 1437 &
2322 1402 2388 1441 30.

1278 1449 1327 1487 Et
1356 1449 1472 1486 verba
1502 1448 1594 1486 illa:
1624 1455 1783 1488 evanuit
1812 1463 1866 1488 ex
1893 1452 2017 1490 oculis
2047 1464 2186 1490 eorum
2215 1452 2315 1493 nihil
2345 1470 2386 1494 a-

1278 1502 1360 1540 lind
1375 1501 1615 1553 significant,
1644 1516 1764 1553 quam
1786 1503 1984 1542 invisibilis
2000 1503 2143 1557 fastus
2164 1514 2221 1543 est
2238 1535 2250 1553 ,
2277 1508 2380 1560 quod

1272 1555 1412 1594 clarius
1448 1568 1597 1606 graecus
1635 1564 1756 1594 textus
1798 1556 1998 1609 indigitat,
2040 1558 2192 1597 dicens:
2238 1559 2378 1608 boam

1275 1606 1438 1656 ἐγένετο,
1466 1607 1627 1647 Sanetus
1657 1608 1825 1648 Thomas
1856 1611 1894 1658 5.
1924 1620 2023 1662 part.
2042 1619 2181 1663 quaeut.
2214 1611 2279 1650 55.
2308 1620 2383 1664 art,

1273 1660 1312 1697 6.
1341 1659 1543 1709 observat,
1583 1660 1779 1708 Christum
1808 1662 1973 1702 voluisse
2012 1665 2153 1702 intrare
2182 1665 2223 1702 in
2251 1678 2384 1704 coena-

1272 1712 1404 1755 culum
1434 1713 1562 1765 januis
1587 1712 1729 1753 clausis
1746 1745 1757 1764 ,
1799 1715 1834 1752 &
1863 1716 1914 1754 ab
1941 1716 2062 1755 oculis
2091 1717 2384 1769 Discipulorum

1270 1779 1508 1815 evanescere,
1529 1767 1577 1806 ad
1591 1768 1861 1806 ostendendam
1880 1769 2055 1821 gloriam
2076 1768 2383 1809 resurreetionis.

1329 1832 1418 1856 211.
1448 1820 1582 1874 Neque
1611 1834 1745 1859 verum
1775 1829 1854 1869 est,
1901 1834 1976 1860 non
2020 1822 2187 1874 potuisse
2227 1823 2331 1874 tangi
2358 1837 2383 1861 a.

1270 1871 1528 1923 Magdalena5
1556 1887 1647 1911 nam
1667 1872 1838 1913 Christus
1855 1874 2051 1914 dumtaxat
2081 1874 2141 1913 illi
2168 1874 2282 1914 dixit:
2310 1888 2381 1913 no-

1270 1925 1298 1961 lt·
1317 1938 1382 1962 me
1410 1934 1606 1978 tangere,
1637 1927 1700 1964 sed
1730 1925 1809 1964 noli
1837 1928 1983 1966 diutius
2012 1927 2174 1980 pedibus
2203 1929 2300 1966 meis
2320 1930 2380 1968 in·

1268 1976 1442 2024 haerere3
1484 1979 1548 2017 sed
1578 1980 1673 2018 vade
1701 1979 1748 2017 ad
1779 1980 2004 2032 Apostolos,
2036 1995 2098 2019 me
2126 1983 2376 2020 resurrexisse

1268 2032 1458 2069 nuncians
1479 2046 1495 2076 ,·
1538 2031 1715 2076 nondum
1758 2037 1867 2071 enim
1910 2033 2076 2078 ascendi
2119 2033 2174 2071 ad
2210 2034 2377 2073 Patrem

1269 2096 1428 2121 meum:
1457 2084 1602 2123 scilicet
1621 2085 1748 2124 adhuc
1769 2094 1916 2138 tempus
1937 2089 2032 2134 erit,
2062 2099 2139 2138 quo
2167 2100 2253 2124 mea
2273 2101 2375 2139 prae-

1267 2138 1387 2174 sentia
1433 2137 1602 2186 fruaris,
1645 2147 1850 2190 antequam
1893 2140 1940 2177 ad
1968 2138 2119 2177 Patrem
2162 2152 2294 2177 meum
2335 2155 2377 2180 a·

1266 2189 1444 2227 sceudam
1477 2188 1534 2239 (b)
1554 2215 1564 2228 .

1321 2254 1411 2280 212.
1442 2241 1634 2280 Ultimum
1664 2241 1711 2280 de
1740 2242 1967 2282 vulneribus
1994 2244 2088 2283 adeo
2114 2242 2200 2282 leve
2227 2253 2301 2292 est,
2331 2253 2375 2284 ut

1265 2307 1334 2332 nec
1363 2297 1602 2346 responsione
1631 2296 1823 2347 indigeat.
1867 2297 1966 2343 Quis
1994 2298 2098 2334 enim
2127 2309 2203 2335 non
2232 2297 2373 2336 intelli-

1264 2356 1354 2397 gat,
1384 2349 1580 2386 cicatrices
1610 2356 1754 2386 tantum
1784 2350 1824 2387 in
1852 2349 2014 2401 glorioso
2041 2348 2181 2388 Christi
2212 2361 2372 2402 corpore

1264 2402 1489 2439 remansisse
1505 2431 1516 2449 ‚
1547 2400 1618 2439 hoc
1647 2410 1703 2444 est,
1728 2403 1908 2441 scissuras
1926 2418 1947 2440 a
1968 2401 2087 2441 clavis
2119 2401 2262 2450 saetas,
2291 2415 2369 2442 non

1265 2463 1391 2491 autem
1422 2455 1574 2505 proprie
1604 2453 1762 2492 vulnera
1782 2485 1792 2503 ,
1821 2469 1909 2506 quae
1939 2455 2084 2493 scilicet
2112 2455 2280 2493 dolorem
2309 2456 2370 2494 in-

1264 2505 1432 2544 ferrent?
1464 2506 1552 2545 Vid.
1582 2507 1623 2545 S.
1654 2507 1821 2546 Thomas
1844 2507 1880 2546 5.
1911 2517 2008 2560 part.
2038 2522 2077 2561 q.
2102 2508 2164 2554 54.
2196 2518 2265 2546 art.
2285 2508 2326 2553 4.

1318 2560 1408 2599 213.
1442 2559 1564 2598 Restat
1593 2563 1701 2598 tertia
1729 2560 1957 2609 difficultas,
1999 2575 2088 2613 quae
2118 2560 2229 2599 nullo'
2254 2574 2368 2613 nego-

1258 2613 1313 2650 tio
1339 2612 1523 2651 solvitur.
1554 2613 1714 2652 Etiamsi
1735 2615 1840 2651 enim
1869 2614 2010 2666 singuli
2041 2613 2209 2666 Apostoli
2237 2615 2366 2665 singu-

1258 2665 1315 2703 las
1346 2667 1561 2718 provincias
1589 2669 1872 2718 peragraverim
1895 2667 2030 2719 (quod
2060 2677 2187 2706 tamen
2215 2675 2365 2705 nonest

1260 2720 1514 2772 undequaque
1543 2732 1677 2757 verum
1709 2720 1745 2767 ),
1777 2718 1892 2756 fidem
1922 2719 2173 2758 nihilomiuus
2202 2719 2364 2772 populo·-

1258 2785 1344 2810 rum
1374 2773 1447 2810 sibi
1478 2771 1677 2810 miraculis
1697 2772 1970 2822 comitiatum,
2001 2786 2078 2824 quo
2106 2772 2202 2811 nihil
2232 2772 2362 2811 effica-

1256 2827 1336 2864 cius
1365 2827 1411 2863 ad
1442 2827 1636 2864 veritatem
1667 2826 1972 2863 confirmandam
2001 2840 2079 2864 esse
2108 2835 2250 2878 potest.
2292 2825 2366 2864 Ul·-

1257 2882 1372 2920 terius
1401 2879 1515 2919 facile
1542 2887 1670 2931 postea
1691 2879 1764 2917 fuit
1784 2879 1899 2916 etiam
1919 2878 2086 2918 aliorum
2105 2879 2365 2919 testimonium

2241 2931 2311 2971 ha·
2357 2949 2361 2952 ·

1254 3083 1325 3107 tem
1351 3082 1426 3113 est,
1454 3080 1491 3105 ut
1519 3071 1640 3105 mitius
1667 3070 1813 3116 loquar,
1848 3070 1923 3105 haec
1949 3069 2123 3104 Harduini
2149 3070 2359 3115 interpreta-

1254 3121 1325 3153 tio:
1371 3123 1441 3153 noli
1469 3132 1517 3151 me
1545 3128 1685 3161 tangere
1700 3140 1709 3157 ‚
1735 3122 1855 3162 quippe
1879 3118 1992 3151 adhuc
2017 3119 2223 3152 aromatibus
2247 3116 2359 3148 madi-¹.

1253 3169 1351 3205 darn,
1378 3167 1492 3209 quibus
1519 3178 1569 3198 me
1593 3173 1821 3208 perunxerunt
1847 3163 2039 3207 Josephns,
2066 3168 2106 3197 (θ’
2126 3164 2354 3197 Nicodemns.

1252 3214 1411 3246 [Vosidum
1437 3217 1525 3245 enim
1550 3212 1692 3245 ascendi
1719 3213 1766 3244 ad
1791 3210 1925 3244 Patrem
1951 3225 2079 3251 meum,
2116 3214 2171 3254 qui
2196 3212 2229 3240 in
2261 3208 2358 3239 caelts

1253 3268 1306 3292 esc
1323 3283 1330 3291 .
1367 3260 1526 3292 Nondum
1551 3262 1668 3301 accepi
1696 3269 1817 3302 corpus
1845 3261 2047 3302 spirituale,
2074 3257 2160 3301 qnod
2184 3254 2230 3285 ibi
2250 3263 2354 3297 ¹‹wc-'c-

1252 3315 1368 3351 pluras
1397 3319 1466 3340 sum
1491 3319 1511 3340 α
1535 3304 1639 3340 Patre
1663 3316 1734 3339 meo
1753 3326 1763 3336 .
