2564 3706
759 122 839 167 DE
874 119 1016 167 RoM.
1049 119 1094 163 s,
1129 116 1309 164 PETRI
1341 103 1752 163 FJPISCOPATU.

124 201 218 258 quia
247 203 287 243 in
307 216 397 242 eum
414 233 425 251 ,
455 209 583 255 utpote
602 202 775 241 omnium
797 202 985 241 Pastorem
1004 233 1014 250 ,
1043 203 1234 254 peruicio-

128 260 205 297 sius
232 258 396 296 saevisset
425 257 641 295 Gentilium
673 257 821 303 rabie33
852 256 911 295 vel
945 258 1096 293 fortasse
1124 270 1167 292 ea
1197 271 1236 292 e-

126 313 221 350 tiam
262 310 459 348 occasione
501 311 658 361 aberat,
707 319 747 348 ut
777 310 1033 362 Evangeliuin
1074 311 1113 347 in
1142 307 1238 346 alias

128 373 252 417 gentes
282 372 471 415 portaret.

184 417 249 468 75.
280 418 368 455 lust.
393 431 429 456 2.
459 417 502 455 Si
532 418 584 456 ita
625 430 727 470 saepe
757 416 878 455 Roma
914 417 1044 456 aberat
1074 414 1205 453 Petrus
1226 444 1237 462 ,

127 471 320 522 quomodo
348 472 452 509 credi
482 478 626 523 potest,
670 471 782 509 illum
821 471 903 523 ejus
932 469 1115 508 Ecclesiae
1146 468 1242 519 Epi-

125 532 284 575 scopatu
315 523 488 562 functum
518 523 623 562 esse?
671 524 882 577 Episcopus
911 526 1015 561 euim
1045 536 1111 560 suo
1139 522 1242 573 gregi

128 577 319 630 pascendo
348 579 511 615 intentus
534 579 772 629 potissimum
802 592 877 616 esse
907 577 1017 615 debet
1035 606 1045 624 ‚
1077 590 1119 613 ne
1149 575 1243 612 dum

130 630 294 668 fundum
324 630 493 669 alienum
515 640 623 680 arat,
655 632 889 669 familiarem
921 630 1110 669 incultum
1139 629 1244 666 dese-

132 693 219 722 rat.
262 683 432 722 Ulterius
461 684 609 723 malum
638 685 916 722 successoribus
945 685 1021 722 suis
1052 696 1123 720 nou
1156 682 1245 719 resi-

129 736 247 775 dendi
277 736 489 790 reliquisset
518 737 737 791 exemplum
755 763 766 776 .
815 738 997 785 Accedit,
1025 736 1138 788 {quod
1157 766 1168 783 ,
1197 739 1247 772 ’ut

131 792 304 843 primum
332 790 472 829 Paulus
504 790 664 830 Romam
693 792 883 843 ingressus
911 800 990 838 est,
1032 790 1158 828 Judaei
1190 788 1247 826 ibi

133 853 410 883 commorantes
427 875 438 893 ,
468 845 597 896 ipsum
627 846 671 883 :le
692 860 787 883 nova
809 843 1005 896 Religione
1025 843 1166 894 cupide
1190 843 1247 878 iu-

131 904 442 950 terrogaverant.
472 898 680 951 Rogamus
708 907 846 936 autem
864 928 874 946 ,
905 897 1130 949 inquiebant
1160 893 1246 933 Aa.

134 949 323 990 XXVIII.
355 965 420 991 22.
448 965 476 990 a
505 962 544 991 te
572 951 738 1000 audire,
767 965 857 1002 quoe
886 954 1038 994 sentis‚·
1067 963 1168 986 nam
1199 947 1247 984 (ie

133 1003 244 1042 ,ςεὲἶιι
273 1004 345 1042 hoc
373 1015 512 1043 notum
541 1016 600 1044 est
629 1004 764 1052 nobis,
801 1007 896 1054 quia
924 1002 1061 1051 ubique
1087 1006 1125 1039 ei
1152 1014 1247 1037 con-

133 1057 374 1103 unctionum
410 1068 447 1098 at
476 1073 565 1099 vero
592 1060 624 1096 si
653 1058 782 1096 Petrus
813 1056 946 1093 fuisset
975 1055 1122 1092 ibidem
1152 1054 1248 1104 Epi-

132 1111 278 1165 scopali
308 1125 469 1151 munere
499 1109 676 1158 ίιιηὲὶιιε,
725 1109 774 1148 ab
805 1110 887 1161 ipso
915 1117 1096 1160 tanquam
1128 1123 1149 1146 a
1178 1107 1248 1145 Pa·

130 1173 231 1203 store
261 1166 418 1203 fuissent
446 1165 492 1202 de
513 1163 707 1214 Religioue
737 1162 968 1201 sufficienter
997 1160 1140 1199 edosti.
1170 1160 1249 1199 De-

130 1232 246 1257 mum
273 1219 305 1255 si
335 1217 466 1256 Petrus
494 1226 575 1256 erat
604 1216 863 1256 Romanorum
892 1215 1134 1267 Episcopus,
1181 1227 1250 1265 po-

133 1279 229 1312 serat
257 1280 356 1309 certe
386 1269 553 1319 Paulus,
592 1271 672 1308 imo
699 1268 863 1308 debebat
892 1284 914 1307 a
943 1268 1143 1306 scribenda
1174 1267 1253 1305 illis

134 1323 295 1378 epistola
325 1331 565 1376 temperare,
595 1337 685 1362 cum
706 1323 837 1362 Petrus
866 1321 946 1360 illis
975 1321 1194 1361 imbuendis
1215 1336 1254 1358 a-

136 1377 270 1417 bunde
299 1376 514 1425 sufficerem
560 1389 606 1415 eo
634 1377 695 1416 vel
737 1378 935 1425 maxime,
983 1375 1085 1428 quod
1115 1373 1257 1413 Paulus

139 1429 253 1469 Rom.
274 1429 365 1469 XV.
398 1444 462 1470 2ο.
490 1440 620 1484 aperte
649 1439 826 1479 testetur,
874 1444 912 1468 se
942 1431 982 1468 in
1013 1429 1258 1482 praedicaudo

139 1484 355 1536 Evangelio
383 1499 498 1537 super
525 1484 695 1523 alienum
726 1484 1019 1522 fundamentum
1050 1482 1261 1534 superaedi-

139 1538 261 1577 ficare
290 1537 457 1576 noluisse
473 1564 484 1576 .
514 1537 578 1576 Sic
599 1548 737 1576 autem
755 1537 972 1589 praedicari
991 1535 1261 1590 Evangelium

142 1590 238 1642 Zzoc,
267 1604 349 1629 non
380 1591 442 1629 ubi
470 1596 704 1631 nominatus
733 1601 791 1630 est
822 1591 1026 1639 (hristus,
1065 1604 1116 1629 ne
1145 1601 1262 1641 super

144 1645 326 1684 alienum
345 1645 675 1698 fundamentum
703 1645 984 1699 (edificarem.

203 1698 269 1751 74.
301 1697 412 1751 Resp.
442 1700 491 1738 ad
526 1713 559 1739 1.
589 1700 840 1753 Quamquam
870 1699 999 1737 Petrus
1027 1699 1169 1752 saepius
1189 1695 1263 1734 Ro-

145 1766 213 1791 ma
240 1752 436 1801 abfuerit,
466 1767 540 1792 non
569 1763 697 1792 tamen
726 1756 924 1807 sequitur,
954 1767 1045 1790 eum
1075 1762 1139 1791 aut
1167 1751 1263 1804 Epi-

141 1807 319 1859 scopatui
349 1808 484 1845 munia
512 1821 587 1846 non
617 1808 760 1860 integre
788 1806 1035 1859 implevisse,
1082 1816 1147 1845 aut
1176 1818 1264 1857 pra-

145 1873 241 1900 vum
270 1861 349 1898 suis
390 1860 669 1900 successoribus
696 1875 770 1900 non
813 1862 999 1899 residendi
1042 1859 1266 1911 exemplum

147 1912 381 1965 reliquisse.
428 1916 513 1967 lpse
541 1916 646 1953 euim
690 1916 832 1953 nedum
863 1914 1049 1953 Romanae
1079 1913 1266 1952 Ecclesiae

148 1966 392 2019 Episcopus,
432 1968 496 2007 sed
525 1970 680 2021 insuper
707 1968 913 2022 Apostolus
941 1977 1022 2007 erat
1051 1970 1190 2006 missus
1220 1965 1268 2003 ad

146 2019 340 2058 docendas
367 2034 498 2060 omnes
525 2032 677 2072 gentes,
720 2021 755 2057 8(
795 2024 973 2058 omnium
1002 2020 1269 2056 Ecclesiarum

148 2072 333 2126 Princeps
361 2076 612 2120 constitutus,
660 2086 737 2124 quo
767 2071 837 2120 fit,
888 2081 926 2110 ut
954 2072 1130 2111 debuerit
1166 2082 1270 2122 saepe

148 2127 296 2178 saepius
323 2127 478 2176 varias,
525 2126 559 2163 &
588 2126 734 2164 dissitas
776 2126 995 2177 provincias
1037 2136 1238 2174 peragrare
1260 2150 1271 2169 ‚

147 2189 264 2233 prout
292 2192 382 2218 eum
412 2179 579 2232 Spiritus
607 2178 766 2217 Sanctus
794 2177 998 2226 movebat,
1027 2176 1194 2214 Vicariis
1214 2177 1272 2213 in-

152 2242 254 2274 terea
287 2232 420 2272 Romae
442 2230 580 2270 relictis
596 2261 607 2279 ‚
637 2232 704 2284 qui
726 2232 814 2269 novi
843 2231 967 2282 gregis
988 2243 1122 2269 curam
1152 2228 1272 2267 habe·

149 2297 236 2326 rent
254 2313 265 2324 .
294 2286 336 2324 S.
365 2283 608 2338 Epiphanius
638 2282 776 2336 (Her.
798 2283 966 2323 XXVII.
996 2283 1012 2331 )
1043 2284 1208 2331 Linum,
1238 2281 1271 2317 8<

150 2341 308 2380 Cletum
351 2341 391 2377 in
422 2337 592 2377 Romana
622 2337 797 2377 Ecclesia
841 2339 942 2377 vices
969 2337 1069 2376 Petri
1107 2336 1273 2376 absentis

147 2396 310 2446 gessisse
339 2392 480 2430 tradit.
518 2392 560 2430 ld
589 2401 718 2431 autem
748 2393 910 2430 minime
940 2399 1060 2445 potest
1088 2407 1111 2430 a
1140 2390 1272 2430 ceteris

155 2446 360 2499 Episcopis
382 2447 420 2484 in
450 2444 674 2499 exemplum
695 2445 819 2495 trahi,
848 2454 930 2484 tum
951 2447 1043 2498 quia
1065 2446 1156 2497 ipsis
1175 2456 1272 2481 non-

154 2501 231 2539 nisi
275 2501 389 2538 unius
416 2501 540 2552 gregis
581 2500 764 2552 pascendi
794 2512 888 2537 cura
931 2508 984 2537 est
1012 2498 1238 2537 demandata
1261 2526 1273 2545 ,

153 2567 274 2608 quem
319 2567 477 2606 aequum
520 2566 598 2592 non
634 2562 726 2592 esset
756 2552 1000 2606 relinquere,
1048 2562 1086 2590 ut
1130 2552 1275 2589 alienos

142 2617 381 2662 ¹pascerent3
435 2618 513 2644 tum
545 2609 661 2646 etiam
691 2608 782 2660 quia
811 2607 926 2645 modo
954 2606 1114 2657 singulis
1144 2604 1278 2643 Eccle-

156 2663 227 2701 siis
255 2662 331 2699 suis
362 2660 535 2714 praesesti
565 2670 651 2700 sunt
680 2660 878 2709 Pastores‚
907 2660 1011 2714 quod
1039 2669 1207 2712 tempore
1228 2659 1277 2696 A·

159 2713 398 2770 postolorum
429 2717 553 2754 statim
583 2714 669 2753 fieri
699 2728 774 2753 non
806 2715 954 2767 potuit.

216 2769 282 2821 75.
316 2770 371 2813 Ad
404 2783 441 2808 2.
471 2768 622 2808 Mirum
651 2782 728 2808 non
757 2778 837 2818 est,
867 2769 1022 2807 Judaeos
1042 2766 1206 2805 Paulum
1235 2765 1281 2803 de

159 2835 258 2862 nova
291 2821 491 2875 Religione
521 2824 794 2875 interrogasse,
843 2835 915 2861 non
943 2822 1192 2874 plane‘quasi
1223 2820 1282 2857 ni-

162 2875 219 2915 hil
251 2877 297 2914 de
325 2890 370 2916 ea
390 2877 624 2915 audivissent
654 2893 674 2914 a
694 2875 830 2923 Petro;
859 2877 922 2914 sed
952 2878 1043 2929 quia
1073 2882 1281 2921 noverant,

161 2929 330 2969 Paulum
361 2943 438 2969 esse
466 2929 560 2980 legis
588 2929 778 2968 doctorem
798 2961 809 2978 ‚
857 2929 892 2966 8(
922 2930 1036 2967 fuisse
1073 2927 1284 2981 aliquando

160 2981 314 3022 Christo
344 2985 537 3022 infensum
556 3010 566 3021 .
595 2984 772 3022 Ceterum
803 2994 1006 3036 autequam
1035 2982 1177 3021 Paulus
1208 2980 1280 3017 Ro-

166 3050 274 3075 mam
306 3039 478 3085 veniret,
527 3039 641 3075 tuisse
673 3037 727 3075 ibi
754 3036 949 3077 Christum
993 3037 1246 3089 praedicatum
1270 3064 1281 3082 ,

167 3089 447 3142 florentemque
476 3090 555 3139 jam
587 3089 800 3129 Ecclesiam
819 3121 829 3140 ,
858 3106 881 3130 a
901 3091 1007 3129 Petro
1036 3092 1167 3142 utique
1198 3089 1282 3126 sun·

164 3143 324 3191 datam,
355 3144 434 3195 ipse
457 3143 596 3182 Paulus
626 3145 806 3183 iudicavit
825 3154 954 3197 aperte
984 3146 1021 3183 in
1050 3158 1117 3182 sua
1145 3143 1285 3195 episto-

169 3195 211 3236 la
238 3197 287 3236 ad
316 3196 532 3247 Romanos,
577 3197 645 3237 ubi
673 3199 803 3238 innuit
832 3213 917 3253 cap.
940 3200 969 3237 Ι.
999 3198 1039 3237 8.
1078 3195 1195 3236 Fides
1224 3208 1285 3235 ve-

2261 122 2352 178 249

1303 209 1390 238 stra
1419 203 1692 237 annunciatur
1721 204 1761 237 ιή
1791 202 1971 238 universo
2000 199 2146 238 mundo
2165 227 2175 238 .
2205 201 2315 239 Hanc
2343 213 2411 237 au-

1305 265 1380 292 tem
1408 251 1607 306 epistolam
1639 251 1777 290 Paulus
1806 254 1926 291 multo
1954 263 2059 293 autea
2089 256 2265 307 scripsit,
2293 266 2413 305 quam

1307 308 1466 346 Romam
1496 306 1713 344 adventaret
1732 332 1742 343 .

1363 361 1426 413 76.
1459 361 1516 398 Ad
1546 369 1776 410 postremum
1795 385 1804 396 .
1853 359 2085 412 Quanquam
2117 361 2243 400 Petrus
2273 361 2414 399 Roma-

1307 429 1442 454 norum
1460 414 1669 465 Episcopus
1685 422 1775 449 esset
1793 442 1803 460 ,
1834 414 1872 450 id
1896 415 2054 450 minime
2069 415 2260 453 officiebat
2280 447 2290 463 ‚
2319 416 2417 466 quin

1309 468 1449 507 l’aulus
1467 466 1665 519 epistolam
1684 467 1772 504 fidei
1791 496 1800 513 ,
1831 478 2058 517 morumque
2081 470 2314 507 documentis
2337 467 2417 520 ple-

1311 536 1399 560 nam
1429 521 1475 558 ad
1506 534 1566 557 eos
1596 520 1783 566 mitten-133
1812 534 1879 557 nec
1910 519 1947 557 id
1978 519 2084 556 Petro
2115 520 2192 558 ullo
2222 524 2331 560 modo
2362 523 2419 559 in—

1312 576 1460 628 jurium
1491 574 1612 613 videri
1642 574 1779 619 debet;
1810 584 1967 626 uterque
1996 575 2101 611 euin-n
2132 576 2170 612 iu
2201 577 2311 613 vinea
2343 576 2420 613 Do—

1313 631 1407 667 mini
1437 626 1640 665 excolenda
1670 626 1894 673 laborabat3
1944 641 2010 665 uec
2040 627 2184 674 semel,
2232 638 2295 665 aut
2336 640 2422 665 raro

1314 683 1429 720 ambo
1457 679 1572 719 simul
1606 681 1644 717 in
1675 681 1805 719 eadem
1837 681 1931 719 urbe
1961 683 2187 719 commorati
2217 689 2323 729 sunt,
2372 679 2424 718 E-

1315 734 1535 787 vangelium
1579 733 1750 783 Judaeis‚
1801 734 1833 770 8(
1863 734 2083 773 Gentilibus
2125 734 2239 773 sin-iul
2277 748 2427 773 annun—

1315 792 1480 827 ciantes.
1511 788 1625 835 Quod
1653 797 1781 825 autem
1812 789 1927 826 dicit:
1966 787 2030 824 Sic
2061 797 2200 826 autem
2228 787 2425 840 praedicta-

1314 846 1348 880 φὶ
1378 842 1448 880 διο.
1492 844 1753 893 expositivum
1782 856 1934 880 sensum
1966 841 2108 888 habet,
2150 856 2226 880 non
2257 842 2428 879 exclusi-

1314 909 1431 944 vum,
1463 897 1555 934 idest
1585 894 1840 946 Evangeliuni
1870 897 1984 933 etiam
2018 896 2057 933 iu
2087 897 2132 933 iis
2161 895 2255 933 locis
2286 896 2428 948 praediv-

1313 950 1429 996 cavi,
1472 950 1515 986 in
1542 948 1685 1000 quibus
1716 949 1885 986 nondum
1918 949 2171 1001 praedicatum
2203 949 2351 997 fuerat,
2395 949 2429 985 Ee

1313 1004 1367 1041 sic
1383 1016 1495 1054 super
1515 1001 1679 1038 aliorum
1699 1002 1990 1040 fundamentum
2005 1015 2079 1040 non
2096 1002 2401 1054 superaedificavi
2417 1027 2430 1040 .

1373 1069 1437 1106 77.
1467 1054 1560 1105 Obj.
1593 1067 1629 1091 2.
1660 1054 1701 1092 Si
1731 1054 1859 1092 Petrus
1889 1056 2020 1093 suisset
2051 1056 2307 1094 Romanorum
2337 1056 2432 1108 Epi-

1316 1122 1474 1160 scopus,
1519 1108 1644 1160 potius
1674 1107 1861 1158 appellari
1894 1110 2085 1147 debuisset
2114 1111 2298 1147 Gentium
2331 1110 2433 1161 Apo-

1317 1162 1459 1210 stolus,
1489 1174 1607 1213 quain
1636 1159 1887 1205 Judae01·um;
1918 1161 2038 1200 Roma
2067 1164 2169 1199 euim
2194 1173 2274 1200 erat
2303 1163 2435 1200 Genti-

1318 1215 1420 1253 lium
1450 1213 1700 1265 Metropolis:
1748 1212 1866 1266 Atqui
1908 1227 2022 1252 nemo
2061 1216 2232 1266 ignorat,
2282 1215 2438 1256 Petrum

1322 1270 1438 1307 fuisse
1467 1267 1692 1305 Judaeorum
1718 1266 1942 1317 Apostolum
1973 1269 2224 1317 destinatum,
2254 1269 2439 1307 Gentium

1322 1331 1451 1360 autem
1482 1320 1672 1369 Paulum,
1703 1319 1809 1371 juxta
1840 1319 1937 1358 illud
1964 1321 2136 1371 ejusdem
2168 1321 2277 1360 Pauli
2308 1323 2439 1360 dicem

1323 1377 1371 1415 tis
1400 1375 1448 1413 ad
1469 1374 1558 1413 Gal.
1581 1374 1630 1411 ll.
1665 1388 1700 1425 7.
1735 1372 1937 1411 Creditum
1967 1384 2025 1411 est
2055 1374 2149 1412 >mhi
2171 1374 2440 1429 Ewaugclmtn

1326 1432 1535 1481 praeputii,
1567 1431 1666 1464 sicut·
1695 1428 1744 1467 (9⁶
1776 1427 1891 1464 Petro
1919 1431 2231 1467 circumcisionis
2252 1444 2267 1474 ;
2308 1435 2372 1480 qui
2401 1443 2441 1467 e-

1328 1488 1412 1521 nim
1442 1491 1628 1532 operuzzts
1658 1490 1714 1518 est
1746 1480 1862 1518 Petro
1892 1484 1933 1518 ίη
1963 1482 2196 1533 Apostolum
2235 1488 2442 1521 circumci-

1330 1541 1452 1575 sionis
1471 1567 1480 1585 ,
1509 1544 1696 1588 operatus
1723 1543 1783 1573 est
1812 1534 1862 1575 (9⁶
1892 1534 1986 1573 milri
2015 1539 2118 1573 incer
2148 1536 2300 1575 Gentes
2320 1551 2334 1575 .·
2379 1551 2441 1575 er-

1329 1604 1376 1644 go
1407 1590 1478 1628 διο.
2368 1615 2370 1617 »

1387 1646 1449 1696 75.
1483 1643 1595 1696 Resp.
1626 1642 1710 1681 Non
1754 1644 1936 1694 exiguum
1982 1644 2095 1683 fuisse
2127 1642 2259 1683 Romae
2289 1645 2442 1683 Judaeo-

1330 1713 1417 1737 rum
1440 1711 1670 1743 numerum3
1699 1696 1883 1749 Josepbus
1904 1699 2005 1735 euim
2029 1706 2155 1736 narrat
2177 1698 2296 1751 (Lib.
2315 1699 2443 1737 XVH.

1331 1753 1466 1803 Antiq.
1495 1749 1584 1789 Jttd.
1614 1765 1648 1788 c.
1676 1764 1736 1788 11.
1767 1751 1810 1799 ),
1840 1753 2121 1804 quinquaginta
2138 1753 2285 1804 Legatls
2316 1753 2364 1790 ab
2383 1752 2444 1790 Je-

1333 1806 1528 1858 rosolyma
1556 1805 1606 1843 ad
1624 1805 1815 1843 Caesarem
1846 1806 1969 1842 missis
1992 1803 2122 1842 Romae
2153 1821 2229 1844 sese
2251 1806 2449 1858 adjunxis-

1333 1875 1370 1899 se
1400 1873 1515 1911 supra
1543 1868 1625 1895 octo
1653 1858 1878 1896 Judaeorum
1910 1857 2064 1905 millia3
2107 1859 2140 1895 8<
2172 1858 2282 1896 Philo
2326 1861 2363 1896 in
2394 1860 2446 1897 le-

1335 1917 1500 1966 gatione
1529 1911 1585 1949 ad
1617 1910 1764 1962 Caezjum
1794 1910 1972 1958 dicebat,
2017 1925 2198 1963 magnarii
2228 1913 2334 1949 urbis
2361 1926 2451 1964 par-

1335 1978 1411 2004 tem
1441 1975 1543 2002 trans
1572 1964 1762 2014 Tyberim
1793 1978 1815 2000 a
1843 1963 1988 2001 Judaeis
2030 1974 2257 2016 occupatam
2303 1965 2417 2003 fuisse
2439 1996 2449 2014 ,

1339 2018 1509 2069 Augusto
1539 2018 1781 2068 permittente
1798 2042 1817 2057 .,
1847 2015 1974 2053 Fuere
2002 2018 2160 2070 quidem
2190 2019 2261 2056 sub
2293 2019 2452 2057 Tiberio

1340 2072 1467 2110 Judaei
1496 2070 1546 2108 ab
1577 2069 1671 2107 urbe
1701 2068 1831 2120 pulsi,
1862 2069 1896 2104 ἃ
1925 2071 2064 2107 iterum
2095 2071 2164 2108 sub
2193 2071 2356 2109 Claudio
2376 2074 2454 2110 Im-

1340 2132 1542 2177 peratore,
1584 2123 1647 2159 sed
1677 2131 1759 2174 post
1786 2121 1903 2159 breve
1945 2122 2106 2161 exilium
2139 2123 2234 2162 illuc
2271 2126 2452 2177 frequen-

1340 2177 1477 2215 tissimi
1499 2183 1741 2213 remearunt.
1772 2173 1957 2213 Proeterea
1988 2188 2059 2213 nou
2088 2177 2138 2214 ita
2168 2179 2381 2228 putandum
2403 2188 2455 2217 est

1341 2230 1450 2268 Petro
1478 2228 1731 2280 Evangelium
1761 2229 2065 2267 circumcisionis
2107 2230 2222 2268 fuisse
2258 2233 2454 2271 concredi*-

1339 2293 1420 2323 t-um
1434 2313 1444 2331 ,
1467 2292 1504 2320 ut
1526 2282 1575 2321 ab
1596 2284 1677 2335 ipso
1697 2281 1953 2333 negligeretur
1973 2283 2186 2321 Gentilium
2207 2284 2305 2323 salus
2321 2315 2331 2334 ,
2361 2300 2455 2339 que-

1340 2337 1591 2377 madmodum
1621 2335 1655 2372 8(
1684 2335 1850 2383 Paulus,
1893 2349 2117 2388 quanquam
2154 2337 2370 2377 Gentilium
2402 2340 2454 2377 A-

1341 2390 1508 2444 postolus
1525 2421 1536 2439 ,
1565 2390 1706 2443 saepius
1735 2391 1775 2427 in
1796 2388 2007 2442 Synagogis
2037 2390 2265 2442 praedicasse
2286 2392 2424 2445 legitur
2440 2418 2454 2432 .

1341 2445 1434 2485 Vid.
1464 2458 1580 2496 supra
1609 2458 1647 2481 n.
1670 2443 1737 2490 48.
1768 2444 1782 2492 )

1400 2512 1464 2551 79.
1495 2496 1588 2549 Obj.
1620 2498 1658 2536 5.
1702 2496 1799 2535 Tota
1840 2505 2011 2536 veterum
2048 2498 2094 2536 de
2123 2498 2196 2538 hac
2233 2513 2273 2550 re
2301 2501 2458 2539 traditio

1345 2551 1654 2605 parvipendenda
1683 2559 1762 2598 est,
1801 2559 1926 2602 utpote
1954 2565 2042 2603 quae
2074 2568 2094 2590 a
2124 2552 2239 2606 Papia
2269 2556 2456 2606 originem

1344 2605 1460 2645 trahit
1477 2637 1486 2654 ,
1518 2605 1672 2642 homine
1694 2604 1868 2642 sabuloso
1884 2634 1895 2652 ‚
1917 2604 1950 2640 &
1971 2607 2099 2657 inepto
2115 2636 2125 2655 ,
2146 2610 2206 2645 cui
2229 2617 2354 2646 tamen
2375 2607 2458 2645 val-

1347 2660 1393 2699 de
1424 2658 1534 2698 inulti
1565 2660 1605 2697 in
1635 2657 1721 2696 aliis
1749 2658 1863 2696 etiarn
1894 2658 2007 2696 rebus
2038 2661 2186 2698 incaute
2217 2661 2331 2699 fidem
2353 2675 2459 2700 com-

1347 2714 1578 2753 modarunt.
1619 2711 1728 2750 Certe
1771 2721 1855 2750 ante
1885 2710 2042 2764 Papiam
2080 2714 2210 2752 nullus
2251 2717 2362 2753 citari
2392 2728 2459 2766 po-

1348 2777 1414 2806 test
1436 2797 1446 2815 ,
1476 2769 1542 2819 qui
1565 2765 1718 2803 Petrum
1740 2764 1871 2803 Romae
1904 2765 2017 2803 fuisse
2034 2770 2347 2807 commemoravit
2369 2770 2434 2819 (a)
2449 2794 2460 2807 ·

1403 2820 1471 2859 80.
1503 2819 1613 2872 Resp.
1643 2818 1772 2857 Primo
1801 2818 1948 2857 nullam
1979 2834 2056 2858 esse
2085 2835 2237 2860 causam
2257 2853 2267 2870 ,
2298 2836 2367 2860 cur
2389 2821 2459 2860 luc

1351 2876 1391 2913 in
1422 2888 1459 2912 re
1491 2884 1620 2913 nutare
1651 2874 1764 2924 possit
1792 2871 1922 2924 Papiae
1953 2872 2070 2920 fides;
2099 2889 2323 2928 quanqn;›m
2355 2878 2460 2913 enim

1352 2937 1391 2966 ut
1419 2930 1480 2966 vir
1499 2927 1662 2979 simplex
1680 2956 1690 2974 ,
1721 2925 1942 2979 hebetisque
1964 2928 2105 2979 ingenii
2123 2932 2375 2968 communiter
2397 2929 2462 2966 lia-

1348 2982 1511 3030 beatur,
1556 2983 1594 3019 in
1626 2980 1771 3018 fraudis
1802 2990 1927 3018 tamen
1963 2983 2216 3033 suspicionem
2262 2995 2462 3035 nunquan).

1348 3036 1534 3075 adductus
1562 3045 1640 3079 est;
1670 3044 1707 3072 at
1737 3046 1826 3071 vero
1854 3033 2005 3071 Petrum
2038 3036 2153 3074 fuisse
2184 3035 2313 3073 Romae
2332 3066 2341 3080 ,
2386 3035 2460 3071 ibi-

1352 3104 1427 3142 que
1456 3087 1680 3141 Episcopali
1722 3101 1881 3126 munere
1928 3088 2134 3137 functum,
2178 3104 2234 3127 res
2275 3099 2325 3125 est
2357 3090 2393 3123 in
2423 3100 2462 3124 o-

1353 3144 1502 3181 mnium
1531 3141 1661 3181 oculos
1689 3142 1911 3190 incurrens,
1955 3142 1996 3180 in
2026 3157 2102 3194 qua
2131 3156 2202 3181 nec
2236 3139 2426 3191 simplic-os
2448 3171 2460 3189 ‚

1353 3210 1424 3235 nec
1453 3197 1564 3235 rudes
1592 3195 1676 3234 falli
1706 3203 1884 3247 possunt·
1914 3195 2085 3235 Ulterius
2105 3194 2225 3234 multa
2253 3194 2326 3233 alia
2360 3206 2459 3245 prae-

1636 3257 1639 3261 ⁴
2351 3256 2408 3286 sto

219 3367 268 3404 (α)
297 3364 349 3396 Ita
375 3364 606 3409 Spanhemius
635 3366 669 3400 in
697 3366 791 3400 Diss.
814 3368 858 3400 de
883 3375 1007 3404 temere
1025 3367 1161 3403 credita
1186 3366 1284 3403 Petra·
1308 3368 1344 3402 ἰη
1366 3365 1480 3400 arbem
1504 3365 1643 3401 Roman.
1666 3362 1878 3412 proseffione
1904 3374 1978 3407 cap.
2010 3374 2038 3395 ι.
2066 3364 2097 3395 &
2124 3371 2156 3395 2.

285 3409 527 3466 Gazzaniga
560 3413 692 3456 Theol.
723 3412 837 3455 Tom.
865 3415 897 3457 Ι.

1873 3409 1923 3449 52
