2564 3706
235 86 289 127 80
943 76 1346 122 DISSERTA'I'IO
1381 75 1437 117 ΙΙ.
1471 75 1602 120 cAP.
1634 75 1715 120 IX.

165 162 228 211 (α)
261 160 473 212 prophetias
506 156 606 195 nihil
637 155 742 194 aliud
773 169 850 195 esse
893 157 1109 205 blaterant,
1155 169 1273 207 quam

163 205 417 252 fanaticorum
449 210 647 248 hominum
676 211 813 248 deliria
842 225 887 249 ex
919 212 1047 248 vivida
1086 212 1275 259 imagina-

162 269 258 303 tione
274 294 283 311 ‚
314 278 355 302 ac
379 264 525 302 fervida
545 262 750 315 phantasia
769 274 876 311 οπως
906 274 969 302 aut
1000 262 1274 299 circulatorum

163 318 342 364 fraudes,
372 317 438 368 qui
468 330 559 354 cum
588 316 710 354 multa
741 318 953 370 praedicere
983 315 1153 361 soleant,
1184 325 1274 349 casu

164 383 438 421 nonuunquam
468 371 507 408 in
536 372 734 408 veritatem
764 370 988 407 collimant.

221 421 311 460 266.
345 422 457 475 Hesp.
488 424 545 462 Ad
568 423 665 461 hanc
685 422 938 474 objeflionem
954 418 1175 473 diluendam
1197 418 1275 455 suf-

163 475 244 514 ficit
275 475 334 514 vel
350 476 483 514 leviter
505 490 754 528 percurrere,
785 489 871 526 quae
896 472 1030 518 isaiam,
1061 470 1244 508 jeremias
1262 501 1273 519 ‚

162 528 330 578 Daniel,
360 530 405 566 de
433 531 535 581 Cyro
553 559 562 576 ‚
596 528 834 573 Alexandri),
868 523 1080 570 Antiocho,
1111 524 1274 575 aliisque

161 580 357 633 Regibus,
400 593 478 619 tum
509 583 553 619 de
586 583 701 619 variis
730 580 951 629 magnisque
983 590 1183 627 regnorum
1215 591 1273 613 re—

160 635 423 673 volutionibus
454 635 573 672 multo
604 642 708 670 autea
740 632 1020 682 praedixerunt,
1050 630 1083 666 δε
1113 631 1269 681 quidem

158 696 237 726 tam
267 698 468 735 accurate,
518 696 555 723 ut
587 684 846 735 Porphyrius,
894 682 1095 731 Julianus,
1126 683 1272 735 aliique

160 742 315 780 Ethnici
344 741 527 780 obcaecati
559 738 801 789 putaverint,
839 735 1059 781 huiusmodi
1092 738 1272 775 vaticinia

161 797 276 834 fuisse
307 804 386 847 post
416 806 542 830 rerum
572 799 747 828 eventum
778 789 967 828 confista.
1011 790 1110 837 Quae
1140 803 1271 828 eorum

160 850 319 901 opinio,
367 857 586 898 quanquam
617 845 773 880 omnino
804 842 926 891 falsa,
975 842 1009 879 δι
1038 858 1125 895 quae
1158 844 1272 881 facile

160 901 287 939 refelli
319 908 459 951 potest,
491 896 626 948 probat
656 895 796 933 invifle
826 906 957 934 contra
986 906 1122 934 nostrae
1154 899 1273 934 aetatis

161 952 400 999 Incredulos,
430 964 473 987 ea
494 951 672 988 vaticinia
702 951 935 1001 ineptissime
966 949 1166 987 fallacibus
1196 952 1270 988 cir-

160 1006 374 1044 culatorum
392 1003 592 1041 fraudibus
613 1033 623 1051 ,
652 1013 716 1040 aut
737 1004 991 1041 fanaticorum
1007 1003 1154 1041 delitiis
1169 1018 1274 1041 coin-

160 1060 317 1110 parari.
347 1056 420 1094 Sed
450 1056 574 1094 adhuc
605 1058 724 1107 magis
755 1057 884 1094 divina
915 1066 1086 1094 veterum
1109 1055 1274 1108 Prophe-

159 1121 284 1149 tarum
325 1111 524 1161 inspiratio
561 1111 599 1146 in
629 1110 674 1146 iis
705 1118 889 1162 apparet,
938 1123 1025 1161 quae
1070 1111 1115 1147 de
1145 1111 1273 1147 futuro

160 1163 301 1202 Messia
319 1193 330 1210 ,
360 1164 405 1200 de
434 1161 516 1212 ejus
545 1163 762 1211 nativitate,
811 1161 1000 1209 do&riua‚
1032 1163 1274 1213 praedicatio-

160 1231 234 1265 ne,
272 1215 474 1254 miraculis
495 1246 505 1264 ,
544 1217 719 1268 passione
736 1246 746 1262 ,
790 1225 910 1252 morte
927 1245 938 1262 ,
969 1215 1241 1253 resurreetione
1263 1245 1274 1263 ,

161 1284 207 1308 ac
236 1270 358 1320 gloria
387 1283 477 1307 cum
497 1269 676 1307 omnibus
706 1268 820 1318 plane
849 1269 1144 1304 circumstantiis
1175 1283 1275 1320 prae-

161 1325 415 1367 nunciarunt3
447 1331 485 1358 ut
514 1323 672 1357 omnino
701 1321 920 1370 desipiant,
968 1321 1036 1371 qui
1068 1319 1149 1358 haec
1180 1322 1277 1358 vati-

163 1378 267 1414 cinia
296 1385 359 1413 aut
389 1388 432 1411 ex
463 1383 555 1411 aestn
587 1372 796 1423 phantasiae
826 1382 934 1420 orta,
978 1382 1043 1410 aut
1074 1388 1162 1411 casu
1195 1383 1276 1412 tan-

163 1439 245 1467 tum
278 1430 428 1466 fortuito
458 1440 546 1464 vera
577 1427 692 1463 fuisse
721 1426 1064 1463 comminiscuntur
1095 1425 1151 1477 (b)
1171 1454 1181 1465 .

220 1481 310 1532 267.
341 1481 434 1518 Sunt
463 1479 621 1530 quidem
665 1477 848 1515 nonnulla
878 1478 1005 1516 San&
1037 1479 1193 1518 Patrum
1224 1488 1276 1517 te-

161 1535 337 1572 stimonia
355 1563 365 1580 ,
403 1545 490 1584 quae
519 1530 760 1583 prophetiam
793 1531 1030 1570 naturalibus
1059 1534 1182 1570 causis
1211 1535 1277 1571 ad-

161 1588 327 1625 scribere
350 1585 550 1624 videntur.
579 1584 643 1622 Sic
659 1584 816 1622 Sanetus
833 1585 1164 1675 Gregoritffapa
1186 1587 1274 1624 Lib.

162 1640 232 1678 IV.
262 1639 424 1691 Dialog.
455 1652 541 1690 cap.
565 1637 627 1675 26.
654 1642 772 1688 ipsa,
805 1639 952 1690 inquit,
981 1652 1007 1675 a
1026 1639 1199 1690 tuttundo
1230 1654 1274 1677 u-

163 1698 370 1731 nimiu-um
414 1695 466 1730 ris
496 1690 710 1729 subtilitate
751 1706 826 1729 suu,
865 1692 1014 1744 aliquid
1055 1693 1241 1742 praen'tlet
1264 1708 1278 1736 ‚-

164 1748 266 1800 quod
296 1756 422 1799 postea
452 1745 684 1798 quibusdam
711 1745 901 1798 exemplis
944 1745 1172 1786 confirmat.
1221 1747 1280 1786 Ex

170 1893 250 1927 Lib·
278 1892 322 1926 V.
352 1892 469 1926 Diuin-
497 1896 649 1927 institut.
678 1908 706 1928 c.
734 1897 765 1929 3.
793 1894 826 1929 S.
846 1895 1064 1942 Augustinus
1081 1898 1158 1934 Lib.
1179 1901 1275 1934 Xlll.

167 1948 289 1974 contra
316 1940 474 1973 Eun-mm
501 1951 576 1985 cap.
605 1952 636 1973 2.
664 1943 765 1975 Tom.
794 1944 884 1977 Vlll.
911 1945 1078 1989 Origenes
1107 1948 1184 1980 Lib.
1214 1948 1275 1980 Vi.

169 1996 287 2019 contra
317 1987 453 2020 Celsum
479 1999 512 2019 n.
536 1999 586 2019 10.
615 1988 694 2021 Lib.
721 1989 814 2022 Vill-
836 2002 869 2022 n.
889 1990 945 2032 48.
973 1994 1004 2023 &
1032 1992 1274 2027 Tertullianus

166 2034 204 2065 in
225 2035 410 2077 Apologec.
438 2034 543 2077 capit.
565 2043 620 2065 20.
646 2035 690 2067 Et
712 2037 824 2069 multo
853 2037 954 2081 plura
974 2038 1073 2071 affert
1095 2039 1164 2071 Pet.
1188 2040 1276 2072 Dan.

169 2080 319 2112 Huetius
359 2081 393 2111 in
421 2079 619 2112 Demonstr.
658 2081 790 2125 Euang.
818 2083 918 2127 Prop.
947 2084 1040 2117 Vltl.
1066 2098 1100 2116 n.
1131 2086 1162 2118 5.
1205 2086 1276 2119 Nos

165 2134 284 2158 tamen
309 2124 382 2157 haec
406 2125 524 2157 omnia
549 2127 747 2160 omittimus
774 2128 960 2161 brevitatis
979 2142 1100 2164 caussa
1116 2153 1127 2172 ,
1152 2133 1278 2177 praeci-

168 2182 237 2216 pue
266 2182 347 2203 cum
372 2171 430 2203 hic
455 2180 576 2203 contra
604 2172 842 2206 Naturalistas
869 2174 1112 2218 disputemus.

216 2222 264 2256 (a)
289 2219 377 2250 Cum
405 2218 514 2261 impio
540 2218 687 2262 Spinoza
713 2220 747 2251 in
766 2219 921 2254 Traffluu
940 2222 1279 2267 theologico-politi-

168 2274 207 2296 co
234 2275 309 2308 cap.
335 2276 364 2296 1.
390 2275 495 2307 quem
521 2272 638 2297 tamen
664 2274 799 2300 veteres
819 2267 928 2311 aliqui
944 2268 1142 2315 Philosophi
1164 2271 1279 2304 inhao

165 2321 276 2354 prava
301 2310 463 2354 opinione
491 2321 760 2355 praecessserunt
776 2334 786 2353 ,
811 2322 850 2346 ut
873 2312 993 2347 videre
1019 2324 1071 2349 est
1092 2316 1184 2361 apud
1199 2318 1279 2351 Plu-

169 2356 332 2389 tarchum
359 2356 413 2389 De
439 2360 650 2391 oraculorum
675 2359 830 2402 defellu.

211 2405 259 2442 (b)
289 2405 413 2446 Operae
439 2402 663 2448 dispendium
689 2407 839 2439 facerem
856 2427 868 2446 ,
905 2407 932 2439 si
958 2408 1082 2440 multi—s
1116 2410 1279 2443 refellen—

167 2447 253 2482 dum
285 2450 498 2493 susciperem
535 2451 758 2494 improbum,
798 2465 837 2485 ac
858 2453 1081 2496 petulantem
1117 2467 1278 2488 scurram

167 2494 407 2535 Voltairium,
432 2496 493 2539 qui
522 2497 556 2528 in
582 2496 719 2530 Philos-
745 2500 788 2531 de
814 2501 839 2531 Z'
854 2499 1006 2531 histoire
1023 2521 1033 2539 ,
1060 2504 1096 2532 in
1122 2500 1276 2535 Diffi'on.

166 2542 363 2586 philosoph.
391 2542 538 2586 aliisque
565 2543 682 2588 impiis
709 2545 781 2577 suis
799 2545 963 2589 operibus
983 2549 1113 2579 sanaos
1133 2548 1279 2591 Prophe-

167 2597 221 2622 tas
257 2588 342 2622 risui
370 2600 540 2633 exponere
575 2599 720 2623 conatus
747 2601 822 2624 est.
866 2591 923 2624 Sic
949 2592 1078 2625 lsaiam
1115 2593 1279 2635 deridet,

170 2634 262 2678 quod
288 2633 400 2669 nudus
426 2646 486 2680 per
513 2634 692 2669 civitatem
720 2638 953 2670 ambulaverit
981 2650 1056 2682 cap.
1075 2641 1159 2673 XX.
1186 2642 1280 2673 mul-

172 2689 273 2725 toque
298 2683 408 2726 magis
436 2682 679 2723 Ezechielem,
703 2682 796 2728 quod
823 2696 897 2729 cap.
927 2685 987 2717 1V.
1011 2684 1129 2729 jussus
1157 2687 1201 2720 sit
1221 2701 1279 2721 co-

171 2726 306 2760 medere
331 2740 457 2773 panem
481 2738 640 2774 opertum
668 2740 820 2763 stercore
845 2730 1026 2772 lmmano,
1063 2744 1126 2776 pro
1151 2745 1279 2778 magno

171 2771 335 2807 beneficio
357 2776 577 2816 obtinuerit,
619 2777 695 2809 loco
731 2778 894 2811 stercoris
925 2776 1073 2811 humani
1111 2779 1276 2813 adhibere

175 2826 306 2852 stercus
331 2821 429 2855 bovis
445 2845 453 2853 .
479 2823 524 2856 Et
550 2823 599 2856 ita
624 2824 741 2868 pergit
767 2836 829 2857 suo
853 2823 982 2865 modo,
1008 2825 1142 2869 aliquid
1166 2828 1282 2860 omni-

173 2863 240 2897 bus
265 2868 475 2909 exprobrans
496 2891 504 2900 .

223 2909 288 2962 §ed
314 2913 425 2954 primo
449 2916 607 2959 ignorare
636 2929 704 2950 non
731 2916 906 2952 debuisset
925 2919 1120 2953 Voltairius
1141 2930 1279 2953 morem

175 2957 408 3009 Orientalium
434 2962 553 2994 utendi
581 2958 784 3008 allEguriis,
825 2978 893 2998 non
927 2966 1040 2998 solum
1067 2967 1103 2998 in
1135 2967 1280 3007 ver-bis,

176 3002 235 3037 sed
261 3004 367 3056 etiam
393 3006 566 3054 ln-fastis.
611 3021 643 3041 2.
672 3011 860 3056 Prophetas
887 3011 961 3044 haec
987 3013 1121 3056 egisse,
1160 3021 1198 3045 ut
1226 3024 1280 3045 res

177 3050 378 3101 significata!
394 3061 524 3084 animos
538 3052 717 3089 hominum
734 3059 847 3091 acrius
860 3059 1110 3103 percellerent.
1138 3059 1169 3091 3.
1186 3060 1283 3092 Mul-

178 3104 215 3128 ta
240 3097 275 3128 in
299 3106 431 3128 visione
457 3104 592 3130 tantum
611 3104 821 3146 contigisse,
848 3117 1050 3149 quanquam
1082 3105 1131 3137 ita
1150 3103 1282 3138 descri-

176 3142 334 3182 bantur,
360 3141 501 3186 perinde
527 3155 564 3176 ac
591 3145 617 3176 si
644 3146 753 3188 (licta,
777 3151 833 3182 vel
858 3152 942 3184 facta
969 3152 1083 3195 reipsa
1109 3151 1280 3184 fuissent.

179 3189 228 3221 Ut
255 3196 371 3220 autem
395 3189 577 3222 veniamus
604 3189 644 3222 ad
670 3191 738 3225 duo
763 3198 919 3239 exempla
945 3198 1151 3242 proposita,
1178 3197 1282 3231 nudi-

179 3243 234 3267 tas
259 3235 355 3267 Isaiae
383 3247 449 3268 non
489 3235 535 3268 ita
563 3247 678 3280 presse
709 3240 909 3283 accipienda
935 3252 1011 3283 est,
1048 3245 1148 3288 qnasi
1185 3244 1281 3277 omni

178 3292 320 3326 prorsus
344 3291 439 3317 veste
464 3282 659 3328 expoliatus
684 3294 746 3328 per
782 3286 964 3321 civitatem
998 3287 1282 3331 deambulasset,

1343 154 1383 191 S.
1407 155 1615 203 Augustino
1636 155 1726 191 Lib.
1747 151 1852 191 XIII.
1883 154 1928 192 de
1948 154 2087 194 Genesi
2118 154 2163 193 ad
2188 154 2351 194 litteram
2369 171 2453 211 cap.

1349 207 1408 243 13.
1440 205 1642 242 T0nh111.
1672 206 1882 242 afferuntur
1913 208 1992 245 haec
2022 209 2160 247 verba:
2203 215 2356 248 urfimoe
2386 211 2455 247 liu-

1343 270 1483 295 munoe
1504 287 1514 304 ,
1543 257 1762 295 secundum
1791 259 1893 309 quod
1922 273 1948 296 α,
1978 262 2155 299 sensibus
2185 269 2356 315 corporis
2386 263 2455 301 αἶ)-

1343 309 1560 357 strabitur,
1590 315 1775 361 competit
1792 311 1941 362 futura
1971 316 2180 362 proeviclere
2202 341 2212 354 .

1401 363 1493 402 2655.
1523 363 1596 400 Sed
1627 364 1737 411 haec,
1780 364 1814 400 &
1845 367 1874 402 si
1904 379 1991 418 quae
2022 376 2106 403 sunt
2144 368 2220 406 alia
2250 370 2366 421 hujus
2394 385 2457 422 ge-

1344 419 1443 455 neris
1461 448 1472 465 ,
1503 417 1663 468 intelligi
1685 418 1822 455 debent
1850 419 1895 455 de
1925 418 2122 471 prophetia
2146 423 2272 460 miuus
2303 426 2458 476 proprie

1343 480 1492 522 sumpta
1510 499 1520 517 ,
1570 484 1645 521 qna
1674 470 1819 508 scilicet
1848 483 2124 523 cognoscuntur
2154 474 2306 513 eve-{itus
2335 478 2456 515 futuri

1344 524 1382 560 in
1416 525 1579 575 propriis
1608 525 1731 561 causis
1749 553 1759 571 ,
1789 525 1885 561 sicut
1905 527 2077 562 medicus
2098 532 2372 577 praecognoscit
2401 545 2459 568 sa-

1343 578 1522 624 nitatem,
1555 577 1612 614 vel
1643 586 1803 614 mortem
1828 579 1994 615 futuram
2027 581 2065 616 in
2089 580 2286 630 aliquibus
2314 585 2460 630 causis,

1343 643 1509 682 quarum
1527 630 1699 666 ordinem
1722 630 1768 667 ad
1790 630 1880 667 tales
1901 630 2055 669 effetstus
2076 635 2338 683 experimento
2358 649 2459 687 proe-

1341 685 1518 734 cognovit
1536 707 1547 719 0
1576 682 1718 720 Differt
1739 691 1865 720 autem
1888 683 1970 720 haec
1992 685 2196 736 prophetia
2213 687 2263 724 ab
2295 687 2368 725 alia
2393 699 2455 725 ve-

1341 749 1382 773 ra
1401 766 1410 783 ,
1456 736 1488 772 8<
1518 738 1675 788 propria
1698 766 1708 784 ,
1759 737 1851 787 quia
1881 749 1954 773 non
1985 751 2022 773 se
2053 740 2218 776 extendit
2252 742 2297 778 ad
2325 739 2456 778 onines

1341 799 1519 836 eventus,
1549 790 1609 826 sed
1640 791 1687 827 ad
1717 789 1900 841 quosdam
1930 790 2151 839 dumtaxat,
2185 794 2251 844 qui
2273 793 2459 831 naturali-

1342 850 1396 879 ter
1426 844 1631 893 praevideri
1663 852 1837 895 possunt:
1868 842 2001 879 deinde
2018 844 2160 891 etiam,
2190 848 2280 896 quia
2310 855 2460 885 nonest

1340 897 1498 933 omnino
1527 905 1626 933 certa
1645 926 1655 943 ‚
1686 896 1719 932 &
1751 895 1999 934 infallibilis.
2031 895 2122 934 Vid.
2153 897 2193 935 S.
2226 898 2395 938 Thomas
2417 913 2456 939 2.

1345 962 1380 986 2.
1411 963 1477 1000 qu.
1507 962 1593 1000 172.
1622 949 1776 986 articul.
1805 964 1836 987 i.

1400 1002 1491 1054 269.
1523 1003 1633 1040 Hanc
1663 1017 1739 1041 esse
1769 1002 1809 1040 S.
1831 1003 2008 1053 Gregorii
2037 1013 2230 1052 mentem,
2261 1005 2380 1058 liquet
2411 1018 2456 1044 ex

1343 1069 1414 1104 eo,
1445 1056 1544 1107 quod
1569 1055 1667 1093 hanc
1697 1058 1967 1108 praevisionem
1989 1057 2199 1095 naturalem
2232 1059 2287 1096 ibi
2317 1061 2454 1097 distin-

1344 1111 1424 1159 guit
1442 1123 1464 1145 a
1494 1110 1734 1146 revelatione
1752 1140 1761 1158 ,
1793 1124 1870 1161 qua
1890 1122 2167 1162 nonnunquam
2189 1113 2330 1151 animae
2361 1126 2452 1152 veu-

1344 1171 1429 1198 tura
1459 1171 1713 1212 cognoscunt.

1401 1227 1493 1264 270.
1525 1214 1653 1252 Verba
1684 1225 1832 1264 autem,
1862 1228 1949 1268 quae
1981 1230 2027 1253 ex
2048 1217 2088 1255 S.
2113 1218 2322 1269 Augustino
2351 1217 2459 1271 obje-

1346 1265 1404 1304 &a
1434 1276 1545 1316 sunt,
1594 1280 1670 1305 non
1702 1270 1948 1306 inveniuntur
1979 1270 2016 1305 in
2045 1269 2129 1307 loeo
2157 1270 2263 1308 laud.
2295 1272 2360 1309 ubi
2393 1285 2459 1323 po-

1345 1321 1419 1357 tius
1449 1322 1638 1359 examinat
1658 1322 1879 1373 opinionem
1908 1334 2040 1358 eorum
2058 1352 2069 1369 ,
2099 1325 2166 1374 qni
2183 1324 2359 1362 volebant
2377 1355 2387 1371 ,
2418 1338 2465 1362 a.⁶

1345 1377 1506 1411 nimum
1538 1373 1762 1412 humanam
1784 1374 1930 1412 habere
1959 1378 2034 1412 vim
2056 1376 2280 1425 quamdam
2312 1376 2465 1415 divina-

1345 1430 1464 1464 tionis
1494 1431 1534 1464 z'n
1564 1432 1727 1477 seipsa;
1773 1428 1808 1464 &
1838 1437 2041 1480 postquam
2084 1430 2210 1467 varios
2239 1431 2367 1467 modos
2411 1430 2467 1467 di-

1343 1482 1476 1517 scnssit
1498 1510 1508 1528 ,
1537 1481 1680 1533 quibus
1711 1482 1747 1518 id
1777 1481 1862 1519 fieri
1892 1495 1999 1532 posse
2027 1482 2158 1520 dicunt
2176 1511 2186 1531 ,
2235 1483 2459 1532 concludit,

1346 1532 1444 1570 nihil
1472 1542 1624 1572 temere
1654 1533 1860 1583 affirmari
1888 1543 2068 1585 oportere
2099 1536 2158 1587 (c)
2182 1561 2193 1573 .

1404 1600 1493 1638 271.
1524 1588 1638 1625 Instat
1665 1601 1755 1625 vero
1785 1590 1966 1626 recutitus
1994 1588 2157 1640 Spinoza
2178 1615 2187 1625 .
2226 1589 2268 1627 Si
2298 1588 2461 1642 prophe⁴

1347 1641 1410 1677 tiae
1440 1654 1518 1678 uon
1546 1643 1724 1679 oriuntur
1766 1654 1812 1678 ex
1841 1642 1965 1679 causis
2006 1641 2244 1680 naturalibus
2268 1672 2278 1690 ,
2327 1644 2388 1681 sed
2418 1655 2465 1681 ex

1347 1694 1577 1731 revelatione
1607 1694 1767 1740 diviua,
1811 1695 1910 1732 unde
1940 1694 2012 1742 fit,
2053 1704 2091 1732 ut
2120 1704 2198 1733 tam
2230 1698 2357 1734 varius
2387 1697 2433 1733 sit
2454 1725 2465 1744 ,

1348 1746 1381 1783 8:
1411 1747 1582 1788 diversus
1611 1747 1834 1787 earumdem
1864 1747 2009 1800 stylus,
2057 1758 2169 1800 prout
2208 1749 2380 1788 diversus
2411 1758 2465 1787 est

2322 1802 2411 1840 Pro-

1346 1896 1406 1934 setl
1431 1897 1524 1945 quod
1550 1911 1691 1935 saccum
1718 1912 1843 1942 suum,
1870 1912 1930 1936 seu
1955 1898 2104 1946 pallium
2132 1894 2375 1944 propheticum
2395 1893 2462 1949 ‚de‘

1345 1949 1500 1991 posuerit
1527 1960 1596 1980 una
1622 1960 1703 1981 cum
1731 1949 2004 1986 calceamentis,
2032 1948 2104 1979 sola
2132 1954 2268 1977 retenta
2295 1945 2464 1977 interiore

1348 1994 1489 2026 tunica.
1534 1994 1656 2025 Simile
1683 1992 1883 2038 exemplum
1917 2006 1955 2026 su
1985 1989 2117 2037 peditat
2143 1991 2327 2035 Scriptura
2359 2000 2462 2023 sacra

1348 2050 1381 2071 2.
1401 2038 1527 2082 Regum
1554 2038 1615 2072 Vt.
1638 2050 1690 2071 20.
1717 2038 1777 2072 ubi
1806 2037 1920 2072 David
1946 2051 1956 2070 (
1973 2039 2078 2071 icitur
2105 2039 2249 2071 nudatus
2277 2037 2383 2068 fuisse
2404 2047 2468 2068 an-

1347 2094 1379 2118 te
1407 2095 1524 2117 arcam
1551 2086 1642 2125 Dei,
1675 2096 1755 2119 cnm
1783 2093 1901 2118 tamen
1928 2084 2058 2119 ibidem
2084 2095 2116 2115 v.
2149 2082 2202 2124 14.
2238 2081 2377 2115 dicatur
2403 2093 2463 2114 ac-

1347 2135 1475 2164 cirzc‘lus
1501 2132 1614 2173 ephocl
1639 2133 1732 2165 lineo
1749 2155 1757 2163 .
1783 2132 1902 2165 Etiam
1929 2131 2090 2175 exempla
2114 2129 2244 2162 similia
2269 2135 2465 2162 occurrunt

1347 2176 1439 2222 apud
1464 2179 1626 2221 profanos
1654 2179 1864 2223 scriptores.
1893 2177 2063 2221 Virgilius
2090 2176 2183 2208 enim
2212 2175 2461 2219 Georgicorum

1348 2225 1388 2256 L.
1415 2225 1441 2256 Ι.
1471 2223 1675 2267 inquiebat:
1704 2227 1812 2258 nudus
1829 2238 1914 2264 ara,
1941 2236 2016 2257 sere
2035 2224 2169 2262 nudus,
2205 2222 2329 2261 hyems
2357 2225 2458 2265 igna-

1349 2284 1387 2303 (να
1414 2272 1559 2302 colono.
1603 2271 1649 2303 Et
1676 2272 1805 2304 Seneca
1832 2271 1912 2304 Lib.
1936 2271 1982 2304 V.
2019 2271 2064 2304 de
2089 2267 2274 2311 beneficiis
2299 2279 2375 2312 cap.
2407 2268 2462 2300 13.

1348 2325 1386 2350 nt
1412 2316 1561 2360 probet,
1587 2315 1749 2361 quaedam
1775 2317 1914 2350 etiamsi
1942 2329 2023 2349 vera
2049 2327 2118 2348 non
2137 2316 2230 2355 sint,
2255 2322 2398 2358 propter
2416 2314 2463 2347 si-

1348 2361 1586 2395 militudinem
1601 2361 1719 2395 eodem
1741 2364 1911 2397 vocabulo
1924 2360 2170 2406 comprehendi
2187 2382 2197 2399 ,
2224 2365 2276 2393 sic
2291 2383 2301 2401 ,
2327 2360 2469 2404 inquit,

1348 2412 1403 2454 qui
1429 2410 1516 2441 male
1543 2412 1724 2449 vestitam,
1751 2412 1793 2442 (9⁵
1817 2422 2002 2453 pannosum
2022 2409 2133 2447 vidit,
2159 2409 2281 2439 nudum
2301 2420 2337 2439 se
2357 2408 2466 2439 vidis·

1348 2468 1385 2488 se
1410 2456 1524 2487 dicit·
1551 2454 1714 2488 Ezechiel
1740 2464 1858 2488 autem
1882 2456 2000 2499 jussus
2026 2462 2078 2487 est
2105 2451 2285 2486 comedere
2312 2464 2465 2498 panem,

1347 2513 1415 2534 non
1442 2502 1580 2545 proprie
1606 2511 1799 2544 coopertum
1829 2511 1982 2535 stercore
1998 2524 2008 2542 ‚
2033 2508 2071 2535 ut
2098 2508 2214 2531 nostra
2244 2500 2356 2533 Biblia
2377 2499 2465 2532 Vul-

1347 2556 1427 2591 gata
1454 2546 1558 2580 habet
1576 2569 1587 2587 ,
1629 2546 1688 2580 sed
1713 2557 1751 2581 ut.
1777 2548 1942 2582 hebraica
1968 2560 2035 2582 vox
2062 2550 2220 2595 nnjvo't
2258 2545 2465 2596 significae,

1347 2598 1471 2626 collum
1497 2594 1561 2626 sub
1588 2602 1740 2627 stercore
1766 2596 1967 2634 exsiccato,
1992 2599 2025 2626 δι
2049 2596 2231 2628 combusto
2249 2613 2259 2630 ,
2303 2589 2346 2625 ad
2374 2588 2466 2622 indt-

1348 2639 1497 2673 candam
1523 2648 1721 2674 extremam
1746 2642 1922 2684 lignorum
1950 2642 2158 2684 penuriam,
2184 2651 2261 2683 quae
2282 2638 2400 2670 futura
2428 2648 2465 2668 e—

1347 2695 1425 2719 rat·
1452 2688 1584 2720 Contra
1611 2686 1698 2727 has,
1736 2688 1892 2730 aliasque
1919 2686 2084 2719 Voltairii
2111 2687 2285 2729 malignas
2311 2683 2463 2727 ineptias

1347 2731 1457 2764 videri
1485 2741 1627 2776 possunt
1655 2733 1818 2772 Franqois
1843 2732 2087 2766 Observations
2124 2745 2180 2765 sur
2218 2733 2252 2764 lu
2280 2730 2462 2775 Phyloso-

1344 2779 1426 2822 phie
1452 2781 1495 2812 cle
1519 2779 1702 2812 l'histoire
1728 2781 1792 2812 &a
1815 2782 1862 2811 v&
1886 2781 1939 2812 les
1952 2779 2090 2813 Lettres
2116 2781 2160 2813 de
2185 2780 2342 2823 quelques
2361 2775 2462 2820 Juzfs

1347 2828 1370 2857 ὰ
1397 2825 1453 2858 Μ.
1480 2827 1524 2858 de
1548 2824 1704 2859 Voltaire
1731 2825 1774 2857 Τ.
1802 2827 1826 2858 l.
1853 2826 1974 2858 Lettre
2001 2827 2064 2860 IX.
2448 2836 2450 2839 ·

1392 2877 1444 2911 (c)
1468 2872 1641 2905 Observat
1659 2873 1693 2903 S.
1720 2871 1874 2904 Thomas
1894 2872 1941 2904 ib.
1968 2871 2010 2904 ad
2035 2886 2064 2918 ι.
2091 2874 2178 2916 quod
2195 2875 2306 2905 anima
2323 2891 2334 2910 ,
2359 2881 2464 2916 quan-

1349 2919 1395 2951 do
1417 2919 1635 2951 abstrahitur
1657 2931 1678 2950 α
1704 2920 1939 2961 corporalibus
1957 2941 1967 2958 ,
1992 2923 2107 2962 aptior
2133 2921 2294 2952 redditur
2310 2920 2356 2951 ad
2381 2928 2459 2960 per·-

1351 2967 1544 3007 cipienclum
1570 2965 1735 3005 instuxum
1762 2967 1993 3008 spiritualium
2020 2968 2309 3004 substantiarum,
2339 2968 2380 2997 Θ
2403 2969 2458 2994 et-

1351 3015 1418 3044 iam
1444 3014 1490 3045 ad
1512 3012 1757 3056 percipiendos
1786 3013 1929 3045 subtiles
1955 3022 2087 3053 motus,
2114 3016 2167 3057 qui
2195 3025 2237 3046 ex
2265 3010 2465 3053 impressio-

1350 3059 1449 3090 nibus
1475 3060 1677 3091 naturalium
1705 3069 1881 3092 causarum
1908 3062 1943 3092 in
1970 3063 2215 3103 imaginatione
2245 3058 2383 3088 Ῑιιιιηαηα
2411 3065 2467 3085 re·

1350 3101 1567 3147 linquuntur‘,
1591 3117 1611 3137 a
1634 3105 1751 3148 quibus
1776 3108 2015 3148 percipiendis
2032 3112 2145 3139 anima
2160 3104 2364 3147 impeditur,
2390 3111 2463 3132 cum

1341 3151 1459 3194 suerit
1485 3156 1580 3184 circa
1607 3151 1790 3184 sensibilia
1808 3161 1996 3197 occupata.
2021 3152 2071 3186 Ec
2091 3154 2169 3186 ideo
2190 3150 2381 3191 Gregorius
2405 3147 2465 3178 cli*-

1350 3201 1402 3230 cit
1428 3198 1506 3231 Lib.
1534 3197 1592 3229 IV.
1619 3195 1763 3239 Dialog.
1791 3210 1866 3243 cap.
1896 3199 1950 3231 26.
1977 3201 2064 3243 quod
2087 3202 2219 3235 anima,
2244 3195 2374 3237 qnando
2399 3204 2459 3235 ap-

1349 3247 1549 3287 propinquat
1566 3244 1612 3276 acl
1629 3251 1766 3276 mortem
1779 3265 1790 3286 ,
1815 3250 2062 3291 praecognoscit
2077 3245 2221 3289 quadam
2237 3240 2361 3286 sutura
2379 3239 2460 3272 snb-

1350 3291 1486 3327 tilitates
1512 3302 1574 3324 sua:
1598 3298 1721 3325 naturae
1737 3312 1746 3324 .
