2564 3706
235 121 320 178 194

173 200 394 240 scm-issima
423 193 555 246 aliqua
583 191 709 241 κᾶε,
752 194 863 245 cujus
900 207 970 231 nec
1011 194 1151 231 mentio
1196 190 1276 228 ulla.

171 248 420 293 inveniatur?
452 249 586 286 Annon
616 249 739 299 potius
767 248 807 285 iu
836 260 881 285 es.
911 255 1043 300 parte,
1072 259 1160 297 quae
1191 257 1274 280 suc-

167 306 374 344 cessionem
423 301 558 339 habuit
588 299 782 339 Pastorum
806 330 817 349 ,
854 301 888 337 ἃ
918 303 957 338 in
1000 314 1077 350 qua
1120 304 1169 333 tot
1199 296 1273 333 viri

165 359 200 394 ἃ
229 355 425 404 dot’criua,
468 354 502 391 &
532 357 620 394 vitae
650 353 899 394 sanctimonia
928 357 1146 404 praestantes
1175 361 1274 386 seui·-

168 425 236 464 per
266 407 508 447 floruerunt?

219 464 286 516 93.
317 462 486 502 Felicius
513 475 594 500 rem
623 475 731 500 suam
753 473 862 512 agere
890 456 964 495 sibi
983 454 1160 492 videntur
1179 451 1271 491 Pro-

165 526 338 556 testantes
355 547 365 565 ‚
408 517 503 555 dum
534 517 571 553 in
601 514 910 554 Manichaeorum
938 507 1042 546 setta*
1065 508 1271 545 successio-

165 586 252 610 nem
281 581 493 624 quaerunt5
522 570 645 620 reipsa
674 568 774 604 euim
805 564 886 601 liaec
907 570 959 598 est
978 561 1268 613 antiquissnna3

165 625 200 662 8<
229 626 277 663 ad
308 626 434 676 prima
462 621 645 661 Ecclesiae
676 617 817 657 saecula
837 646 848 664 ,
891 617 971 654 imo
1000 614 1047 652 ad
1077 613 1267 652 ethnicem

164 678 449 731 philosophiam
478 672 698 712 orientalem
730 670 934 721 pertingit.
972 666 1048 705 Sed
1076 668 1272 705 meminis-

163 746 202 770 se
221 732 356 770 debent
372 762 382 779 ‚
414 728 527 775 κίριον
558 725 673 776 hujus
700 722 808 761 sestae
828 723 956 773 γίλμα
976 735 1054 760 esse
1073 718 1147 759 duo
1169 735 1273 759 sum-

164 800 229 824 ma
255 785 428 823 omnium
459 791 583 817 rerum
612 778 835 830 principia,
865 788 988 813 unum
1017 775 1184 822 bouum,
1215 774 1271 812 al—

162 848 288 876 terum
317 837 490 876 malum:
522 845 558 870 2.
587 831 762 882 rejecisse
789 843 851 869 eos
872 828 989 867 Vetus
1010 828 1132 866 Test.:
1163 828 1200 867 3.
1232 842 1270 866 e-

163 894 258 930 tiam
286 889 497 940 corrupisse
527 885 756 936 mysterium
793 883 1092 922 Incarnatiouis:
1135 881 1174 927 4.
1204 896 1271 921 ne-

159 958 264 997 gasse
304 939 622 986 matrimonium,
670 937 704 974 8(
750 937 1011 976 necessitatem
1057 936 1268 989 baptismi3

161 997 349 1049 pluraque
378 993 455 1033 alia
484 992 651 1030 absurda
680 992 852 1040 docuisse
869 1020 880 1039 ,
909 997 951 1027 ut
970 989 1012 1028 S.
1033 990 1269 1042 Augustinus

158 1050 272 1088 refert
300 1048 349 1086 de
380 1046 538 1085 Haeres.
568 1060 608 1083 n.
630 1044 696 1090 46.
716 1045 802 1083 haec
831 1053 960 1084 autem
988 1045 1119 1082 omnia
1149 1057 1187 1082 se
1207 1044 1271 1083 de-

158 1104 284 1143 testari
312 1102 558 1140 Protestantes
586 1098 788 1138 nobiscum
817 1097 1069 1151 profitentur.

214 1156 282 1209 94.
310 1155 446 1208 Neque
474 1154 524 1191 ab
553 1154 600 1192 iis
626 1153 822 1191 erroribus
859 1150 977 1190 alieni
1005 1159 1112 1189 erant
1141 1149 1272 1188 Pauli-

162 1212 265 1249 ciani
283 1240 295 1258 ,
325 1207 635 1248 Manichaeorum
655 1206 801 1245 soboles
822 1236 833 1253 ,
862 1206 930 1257 qui
959 1206 997 1242 in
1018 1204 1172 1242 Oriente
1193 1205 1274 1255 pri-

160 1278 271 1304 mum
300 1264 453 1315 grassati
482 1269 591 1309 sunt,
620 1259 654 1296 ἃ
684 1260 862 1298 nefandas
891 1266 1019 1294 contra
1048 1268 1134 1294 suos
1162 1255 1272 1292 Prin-

159 1319 265 1370 cipes
294 1315 519 1354 rebelliones
540 1320 764 1358 moverunt,
796 1320 835 1348 ut
863 1310 993 1348 videre
1020 1317 1075 1346 est
1103 1310 1142 1346 in
1171 1307 1272 1360 ipso-

159 1384 248 1410 rum
278 1369 430 1407 historia
458 1383 481 1406 a
510 1365 617 1404 Petro
644 1364 778 1402 Siculo
814 1371 900 1400 teste
927 1361 1079 1400 oculato
1107 1362 1272 1399 couscri-

162 1433 255 1476 pta·.
286 1422 337 1460 Hi
366 1429 492 1473 postea
521 1431 608 1458 saec.
629 1417 700 1456 X1.
729 1418 770 1455 in
799 1416 979 1464 Italiam,
1009 1414 1043 1452 81
1074 1413 1271 1464 Galliam,

159 1475 302 1515 afeculo
329 1484 457 1512 autem
477 1472 647 1525 sequenti
668 1472 710 1509 in
725 1470 980 1509 Germaniam
997 1499 1008 1518 ,
1038 1468 1072 1505 ἃ
1091 1467 1272 1521 Angliam

159 1530 379 1581 pestiferam
408 1540 487 1566 suae
530 1526 715 1564 haereseos
744 1523 849 1562 luem
879 1523 954 1562 late
982 1530 1271 1576 propagarunt.

158 1582 288 1622 Primo
319 1580 511 1630 cathare,
540 1580 634 1618 idest
660 1581 769 1629 puri,
811 1586 876 1617 aut
905 1575 1174 1625 Ccztlzaristce,
1205 1590 1272 1615 seu

159 1636 428 1690 Purificantes
447 1632 629 1688 appellati
657 1641 742 1671 sunt
762 1662 773 1681 ,
802 1632 941 1670 deinde
969 1629 1057 1668 Albi·
1087 1643 1201 1669 enses
1221 1630 1272 1668 ab

160 1692 257 1730 urbe
286 1689 472 1742 Albiga,
500 1685 793 1725 Petrobrusz'am‘
821 1687 935 1733 item,
965 1683 999 1721 δε
1075 1687 1272 1722 enricianz'

161 1758 188 1784 a:
205 1744 312 1783 Petro
340 1743 385 1781 de
407 1742 543 1790 Bruis,
571 1740 732 1793 ejusque
759 1738 951 1792 discipulo
970 1738 1142 1777 Henrico
1171 1740 1272 1791 ipso-

160 1812 249 1836 rum
279 1797 559 1848 antesignanis.
588 1795 669 1843 Qui
692 1796 738 1832 ⁴in
769 1793 908 1845 Anglia
938 1794 1061 1831 vocati
1091 1801 1178 1830 sunt
1199 1791 1273 1830 Po-

161 1852 312 1903 plicani
333 1880 344 1898 ,
373 1849 434 1888 vel
461 1849 668 1887 Publicani
688 1877 700 1897 ,
741 1846 928 1899 ejusdem*
944 1846 1107 1885 furfuris
1133 1854 1241 1886 erant
1261 1871 1273 1885 .

161 1905 238 1945 Sed
267 1903 351 1942 haec
381 1901 572 1941 sufficiant
601 1902 664 1953 (a)
682 1927 694 1940 .

219 1958 287 2011 95.
315 1955 451 1995 Solum
492 1955 736 2003 addendum,
783 1965 830 1990 ex
858 1966 936 2005 quo
974 1953 1092 1991 nostri
1134 1954 1275 2004 saepius

166 2010 460 2050 Prote-stantibus
487 2007 734 2061 objecerint,
763 2019 825 2044 eos
862 2006 1102 2044 resuscitasse
1131 2018 1276 2042 errores

165 2067 207 2104 in
238 2062 535 2114 Albigeusibus,
565 2059 874 2108 Waldensibus,
903 2058 1145 2106 Wiclefitis,
1176 2058 1278 2096 Hus-

164 2119 245 2156 sitis
273 2116 344 2154 8εο.
386 2114 467 2167 jam
503 2114 730 2161 damnatos,
778 2123 981 2163 perperam
1011 2111 1280 2149 Turrettinum

165 2169 344 2221 colligere
360 2199 372 2217 ,
403 2175 525 2206 nostra
543 2166 777 2205 confessione
797 2174 947 2217 patere,
975 2162 1192 2201 Ecclesiam
1220 2176 1281 2201 re-

165 2226 371 2263 formatam
402 2221 567 2260 extitisse
599 2229 683 2259 ante
697 2217 913 2258 Lutherum
931 2247 941 2265 ,
973 2215 1007 2253 8(
1031 2214 1279 2268 Zuinglium.

169 2277 299 2316 Primo
327 2277 433 2315 enim
461 2274 613 2328 liquido
658 2279 828 2320 constat,
871 2269 1086 2310 do&rinam
1114 2270 1282 2310 Novato-

165 2345 254 2370 rum
282 2331 423 2384 partim
455 2328 665 2368 consentire
693 2325 888 2366 erroribus
923 2331 1097 2365 veterum
1126 2323 1284 2362 haereti-

165 2381 300 2424 corum
319 2415 329 2434 ,
358 2383 501 2436 partim
521 2382 571 2421 ab
599 2380 679 2420 illis
698 2380 894 2420 dissentire
911 2405 922 2417 .
960 2377 1170 2432 Secundo,
1199 2378 1285 2416 istae‘

165 2452 297 2481 omnes
325 2437 434 2476 δείξω
462 2438 616 2475 fuerunt
651 2448 803 2488 semper
843 2433 1022 2472 novitatis
1063 2439 1282 2479 accusatae3

166 2493 269 2532 unde
297 2491 386 2530 illas
411 2490 486 2530 sibi
514 2490 721 2538 sociando,
758 2501 833 2527 non
864 2487 1032 2534 addunt,
1061 2486 1135 2524 nisi
1163 2499 1282 2524 nova-

165 2556 291 2585 torum
319 2557 527 2584 numerum
545 2570 556 2582 .
599 2543 733 2581 Tertio
751 2573 763 2591 ,
806 2541 904 2580 scire
927 2538 1114 2594 'cuperem
1131 2569 1143 2588 ,
1185 2540 1283 2592 quid

167 2601 411 2639 Turrettinus
438 2598 652 2637 Socinianis
679 2596 923 2650 responderet
945 2623 956 2642 ,
985 2593 1017 2632 si
1045 2592 1109 2631 illi
1136 2593 1252 2631 etiam
1270 2623 1282 2642 ,

165 2654 331 2712 quando·
349 2652 604 2705 objurgantur
619 2681 629 2700 ,
658 2650 761 2703 quod
790 2649 988 2688 damnatos
1008 2644 1207 2696 sabellii,
1231 2647 1284 2685 Α-

170 2709 219 2747 rii
241 2738 251 2755 ,
293 2707 328 2744 δι
356 2706 507 2746 Photini
535 2717 680 2744 errores
708 2703 758 2743 ab
787 2714 878 2742 orco
904 2701 1196 2750 revocaverint,
1233 2700 1284 2740 si-

173 2760 258 2800 mili
288 2761 490 2799 retorsione
516 2757 743 2808 uterentur?
1091 2801 1094 2804 y

227 2814 292 2866 96.
320 2814 508 2853 Videntur
547 2821 675 2853 tamen
704 2810 925 2851 Adversarii
954 2807 1046 2848 huic
1074 2808 1286 2848 Haeretico-

172 2879 261 2906 rum
289 2869 513 2907 successioni
541 2879 617 2907 non
658 2865 868 2905 admodum
902 2863 1021 2902 fidere
1036 2877 1052 2908 ,·
1095 2876 1185 2902 nam
1215 2874 1286 2916 po-

177 2921 253 2958 tius
293 2920 408 2959 aliam
452 2929 630 2976 quaerunt
658 2921 700 2959 in
740 2921 825 2971 ipsa
854 2916 1029 2957 Ecclesia
1057 2915 1255 2956 catholica
1272 2946 1284 2965 ,

176 2980 242 3011 seu
259 3003 270 3022 ,
299 2982 341 3010 ut
368 2975 442 3025 ipsi
470 2976 626 3023 dicunt,
654 2975 697 3013 in
727 2973 886 3026 Papam
907 2999 918 3011 .
947 2971 1005 3010 Ita
1033 2983 1175 3024 nempe
1203 2984 1286 3008 rem

176 3022 421 3065 '‘'I'urrettiuus
462 3029 674 3081 componit:
717 3026 832 3066 Licet
860 3025 1059 3064 Doctores
1086 3023 1288 3062 Ecclesiae

175 3079 293 3119 Rom.
323 3092 475 3118 errores
503 3083 672 3131 multos,
698 3094 870 3134 graves,
916 3079 966 3121 ὠ
995 3078 1184 3117 exitiales
1221 3091 1291 3129 pu-

175 3138 273 3174 riori
301 3133 494 3172 doctrinae
522 3133 732 3187 Evangelii
759 3138 1046 3188 permiscerent
1066 3161 1078 3183 ,
1106 3135 1203 3186 quia
1228 3140 1292 3171 ta-

183 3257 189 3261 ’
220 3252 271 3302 (ἃ)
298 3253 344 3295 Et
367 3260 430 3305 qui
463 3259 564 3305 plura
588 3257 810 3302 desiderant,
851 3261 976 3296 adeant
1001 3260 1207 3295 B'os‘suetum
1243 3257 1282 3291 in

178 3310 243 3343 Xl.
269 3307 369 3341 Hist.
396 3310 517 3341 variat.
543 3306 602 3340 uhi
630 3306 705 3338 luce
731 3308 857 3339 clarius
881 3307 1058 3353 ostendit,
1083 3317 1190 3351 qnam
1214 3305 1283 3339 im-

179 3355 305 3394 merito
328 3356 365 3389 in
388 3352 591 3402 hujusmodi
612 3351 787 3389 damnatis
811 3356 903 3388 5ectae
929 3365 998 3390 suae
1023 3365 1139 3393 cansae
1162 3360 1283 3400 patro-

781 110 939 157 PARS
969 110 1031 157 It.
1058 104 1474 169 DISSERTA‘FIO
1497 105 1577 151 ΠΤ.
1612 105 1743 151 CAP.
1772 106 1853 154 lv.

1343 199 1436 224 men
1465 184 1793 242 profitebuntur,
1822 189 1996 226 retinere
2023 199 2067 227 se
2094 186 2227 227 adhuc
2253 187 2455 241 religionis

1343 240 1393 279 <ir
1421 240 1564 276 salutis
1597 238 1914 289 fundamenta,
1943 251 2152 289 potuerunt
2199 247 2278 280 ref-c*
2306 244 2460 296 fideles

1340 296 1564 343 puriorem,
1593 293 1643 331 (9⁶
1671 305 1824 330 sanam
1855 291 2083 331 doctrinam
2112 295 2162 333 ab
2192 297 2349 335 exiciali
2366 327 2376 346 ‚
2399 298 2457 337 (9⁴

1342 344 1474 383 cibum
1500 343 1703 384 salubrem
1731 358 1760 383 a
1788 358 1938 384 veneno
1983 358 2219 397 secernere,
2261 351 2458 402 quomodo

1339 412 1430 437 mes
1459 403 1501 436 in
1528 403 1716 449 passaw,
1763 407 1854 437 tam
1883 404 2119 449 venenatis,
2148 414 2271 452 quam
2299 405 2458 443 saluta-

1337 451 1442 490 ribus
1471 451 1598 490 herbis
1618 449 1777 504 refertis
1793 482 1804 501 ,
1834 452 2013 491 salubres
2033 453 2180 506 eligere
2199 467 2345 496 norunt
2362 489 2374 508 ,
2402 458 2453 499 <9-

1338 519 1367 543 α,
1387 509 1520 544 noxiis
1549 504 1771 544 abstinere.
1802 505 1919 545 Addit
1946 515 2074 545 autem
2090 536 2101 554 ,
2132 506 2297 547 Pastores
2316 511 2455 551 Eccle-

1336 562 1404 597 siae
1436 558 1548 598 Rom.
1577 559 1649 598 sub
1677 558 1828 612 duplici
1857 560 1992 609 ὅχὲςεν
2029 574 2094 598 seu
2123 559 2348 602 habitudine
2375 579 2460 617 spe-

1341 612 1435 650 &ari
1464 626 1598 665 posse3
1628 612 1775 652 scilicet
1803 612 1837 648 δε
1867 620 2052 663 quatenus
2081 628 2221 668 puram
2251 614 2458 668 Evangelii

1339 665 1554 704 doctrinam
1595 666 1886 719 proponebant,
1928 665 1962 702 St
1991 676 2180 718 quatenus
2223 668 2458 708 fermentum

1340 719 1650 771 corruptelarum
1677 733 1861 767 suarum,
1909 718 1943 754 ἃ
1971 720 2218 760 traditionum
2262 723 2458 761 immisce-

1339 773 1433 811 bant
1449 787 1459 819 ;
1489 774 1611 826 priori
1640 786 1750 812 sensu
1768 774 1894 811 -fuisse
1924 786 2031 812 veros
2052 773 2247 825 doctores,
2275 778 2459 829 posterio-

1338 828 1374 865 ri
1402 825 1614 866 sedatiores
1634 852 1644 864 .

1393 893 1459 932 97.
1491 879 1657 919 Pronum
1686 884 1741 921 est
1768 888 1895 918 tamen
1915 878 2023 918 illico
2051 881 2381 923 animadvertere:
2420 897 2458 925 ι.

1338 935 1473 972 rudem
1504 933 1658 987 plebem
1680 963 1692 981 ,
1735 933 1770 971 8<
1800 933 1896 972 alios
1925 935 1965 972 in
1993 932 2216 986 theologicis
2244 936 2357 974 rebus
2384 951 2460 976 non

1339 987 1451 1039 plene
1480 989 1703 1033 exercitatos
1719 1018 1731 1036 ‚
1761 1001 1849 1041 quae
1871 988 2043 1026 maxima
2071 997 2124 1026 est
2145 1001 2231 1041 pars
2251 989 2428 1029 fidelium
2447 1019 2462 1040 ,

1339 1042 1478 1080 vixnac
1507 1054 1554 1080 ne
1570 1043 1634 1080 vix
1663 1040 1824 1093 quidem
1851 1042 2016 1092 potuisse
2045 1041 2278 1094 distinguere
2295 1073 2306 1091 ,
2335 1058 2461 1096 quan-

1338 1094 1480 1133 donam
1510 1093 1689 1133 Dostores
1709 1092 1895 1132 Ecclesiae
1926 1095 2063 1134 duram
2084 1095 2289 1148 Evangelii
2318 1097 2458 1136 doetri-

1337 1161 1431 1186 nam
1460 1147 1676 1195 traderent,
1697 1147 1732 1183 8<
1751 1148 1903 1199 quando
1922 1149 2154 1187 fermentum
2184 1163 2345 1188 suarum
2374 1164 2458 1190 cor-

1336 1199 1578 1251 ruptelarum
1607 1200 1900 1251 adspergerent3
1930 1200 2017 1240 lraec
2046 1203 2151 1240 enim
2180 1203 2300 1255 probe
2329 1217 2456 1242 sec-er·-

1339 1253 1455 1290 nendi
1484 1261 1627 1290 atstest
1655 1251 1940 1304 Tlreologorum
1959 1256 2161 1307 praecipua
2178 1281 2189 1294 .
2222 1270 2259 1294 2.
2289 1256 2454 1296 Nonnisi

1338 1305 1549 1344 divinando
1567 1335 1577 1354 ‚
1607 1304 1642 1341 &
1663 1306 1742 1343 sine
1771 1304 1851 1343 ullo
1880 1307 2128 1344 fundamento
2143 1309 2352 1347 adversarii
2380 1310 2460 1348 fin-

1339 1367 1458 1410 gunt,
1489 1359 1605 1396 fuisse
1621 1371 1771 1411 semper
1791 1356 1939 1407 dmitos,
1967 1360 2128 1411 piosque
2144 1359 2331 1412 theologos
2348 1390 2361 1408 ,
2389 1364 2464 1414 qui

1339 1411 1425 1451 haec
1453 1421 1714 1458 secernerent3
1757 1425 1819 1450 eos
1847 1413 1952 1450 enim
1994 1413 2191 1451 nominare
2234 1424 2463 1466 nequeunt·

1341 1466 1380 1504 3.
1410 1465 1451 1504 Si
1480 1468 1597 1505 etiam
1627 1465 1718 1504 tales
1760 1465 1971 1519 aliquando
1999 1466 2167 1504 extitisse
2206 1467 2461 1519 probaretur,

1339 1520 1368 1558 ii
1399 1521 1557 1559 fuissent
1586 1519 1800 1573 hypocritas
1819 1550 1829 1568 ,
1859 1520 1893 1557 &
1923 1519 2190 1566 simulatorem
2228 1522 2395 1560 exterius
2423 1535 2463 1559 e-

1338 1575 1424 1613 uim
1444 1575 1604 1614 fuissent
1624 1574 1783 1626 professi
1811 1573 1932 1612 fidem
1949 1603 1960 1622 ‚
1988 1587 2107 1626 quam
2136 1587 2211 1613 non
2232 1575 2461 1625 credebant,

1340 1627 1590 1667 Sacramenta
1603 1629 1734 1666 omnia
1753 1628 2013 1680 suscepissent,
2034 1641 2124 1680 quae
2140 1628 2463 1677 contemnebant,

1340 1680 1473 1720 Missas
1502 1680 1739 1721 sacrificium
1759 1681 1843 1719 Deo
1871 1680 2121 1729 obtulissent,
2150 1682 2253 1734 quod
2280 1683 2463 1734 supersti-

1339 1736 1477 1774 tiosum
1494 1765 1505 1785 ,
1526 1736 1654 1788 itaque
1669 1733 1896 1773 idololatriae
1912 1733 2071 1786 plenum
2088 1734 2318 1787 reputabant
2336 1761 2346 1773 .
2376 1736 2464 1774 Sci-

1341 1791 1454 1827 scitor
1482 1797 1638 1836 autem,
1667 1803 1717 1827 an
1738 1787 1992 1826 Protestantes.
2014 1789 2091 1826 suis
2119 1789 2377 1839 permitterent
2406 1790 2462 1828 ita.

1341 1844 1472 1882 vivere
1492 1844 1532 1882 in
1554 1841 1728 1880 Ecclesia
1749 1840 1924 1880 Romana
1941 1870 1953 1889 ,
1982 1842 2079 1880 sicut
2109 1854 2170 1878 eos
2200 1843 2337 1881 vixisse
2358 1856 2464 1880 eom-

1345 1897 1629 1945 miniscuntur,
1667 1908 1764 1948 quos
1791 1900 1871 1933 suae
1902 1895 2184 1934 communionis
2214 1895 2468 1947 praedecesso-

1344 1963 1403 1988 res
1431 1947 1659 2003 appellant?
1700 1949 1874 1988 Demum
1901 1947 2028 1988 adhuc
2066 1946 2311 2001 probandum
2342 1957 2466 1998 esset,

1345 2002 1438 2039 tales
1469 2003 1690 2054 hypocritas
1719 2011 1905 2054 perpetua
1932 2003 2030 2039 serie
2049 2002 2123 2040 sibi
2145 2003 2385 2049 successisse,
2415 2016 2466 2040 ne

1346 2056 1378 2092 si
1408 2055 1709 2105 interrumpatur
1738 2056 1878 2102 series,
1920 2053 2137 2091 Ecclesiam
2165 2052 2376 2105 aliquando
2403 2054 2468 2093 de-

1348 2108 1482 2145 fecisse
1498 2137 1509 2155 ,
1538 2106 1745 2144 dicendum
1774 2107 1821 2144 sit
1837 2131 1849 2144 .

1403 2160 1470 2212 98.
1501 2159 1660 2197 Frustra
1687 2171 1778 2196 vero
1819 2157 2006 2197 nonnulla
2046 2158 2243 2198 adducunt
2284 2160 2467 2214 exemplem

1348 2211 1621 2251 haereticorum
1638 2241 1648 2259 ,
1721 2213 1759 2250 ui
1789 2211 1839 2250 ab
1868 2210 2045 2250 Ecclesia
2073 2212 2134 2252 vel
2170 2222 2301 2265 sponte
2330 2216 2470 2254 disces-

1351 2275 1480 2306 serunt
1495 2272 1511 2314 ,'
1536 2264 1598 2304 vel
1628 2264 1687 2317 eje
1726 2266 1740 2303 i
1771 2264 1951 2311 fuerunt;
1991 2277 2084 2303 nam
2109 2278 2144 2304 ι.
2172 2267 2212 2304 in
2240 2266 2301 2305 his
2330 2281 2468 2321 perpe·—

1350 2329 1458 2360 tuam
1487 2319 1662 2359 invenire
1691 2332 1768 2357 non
1788 2325 1946 2371 possunt
1975 2319 2249 2358 successionem
2277 2334 2398 2375 usque
2418 2319 2469 2361 ad

1348 2373 1523 2426 tempora
1541 2371 1761 2425 ,Apostolica
1780 2398 1791 2410 .
1823 2385 1861 2411 2.
1890 2370 1932 2410 Si
1955 2370 2040 2410 haec
2067 2368 2246 2424 exempla
2273 2372 2470 2424 valerent,

1350 2429 1496 2480 potiore
1524 2425 1612 2478 jure
1640 2433 1791 2478 possent
1820 2426 1867 2464 iis
1895 2425 2003 2464 abuti
2033 2425 2251 2475 Socin'iani,
2281 2421 2343 2467 veI
2364 2429 2468 2467 Ana-

1350 2482 1527 2535 baptistae
1544 2505 1555 2518 .
1588 2479 1626 2519 5.
1655 2477 1845 2528 Quamvis
1873 2478 2123 2525 Protestantes
2150 2477 2292 2518 multos
2319 2480 2369 2519 ab
2398 2490 2467 2520 an*

1349 2536 1469 2588 tiquis
1496 2534 1699 2572 Haereticis
1728 2546 1874 2572 errores
1902 2533 2127 2582 hauserint,
2156 2546 2248 2572 cum
2275 2533 2387 2573 nulla
2415 2543 2472 2572 ta·

1351 2603 1439 2628 men
1469 2601 1601 2626 eorum
1629 2585 1730 2626 sesta
1758 2588 1917 2626 omnino
1934 2588 2196 2627 conveniunt.
2224 2587 2265 2632 4.
2294 2587 2471 2626 Demum

1351 2655 1490 2696 negare
1518 2641 1651 2681 saltem
1680 2654 1752 2680 nou
1783 2649 1966 2693 possunt,
2008 2640 2162 2679 infinite
2201 2639 2317 2692 plura
2357 2640 2472 2680 nobis

1351 2704 1552 2750 suppetere
1581 2694 1759 2747 exempla
1786 2707 1921 2733 eorum
1939 2724 1951 2743 ‚
1980 2695 2049 2746 qui
2069 2701 2236 2732 nostram
2256 2693 2472 2734 dostrinam

1351 2751 1449 2790 serie
1476 2749 1917 2802 nunquaminterrupta
1947 2746 1980 2783 ἃ
2000 2747 2158 2799 professi
2187 2747 2261 2800 ipsi
2291 2757 2402 2797 sunt,
2433 2747 2469 2784 St

1350 2804 1439 2844 aliis
1464 2803 1725 2843 tradiderunt.
1768 2800 1966 2839 Habemus
1994 2802 2100 2839 enim
2127 2802 2170 2839 in
2198 2809 2326 2841 nostra
2362 2815 2471 2840 com-

1351 2859 1535 2898 munione
1551 2887 1563 2906 ,
1592 2857 1627 2894 ἀ
1647 2855 1844 2894 Pastorum
1866 2855 2143 2893 successionem
2171 2864 2315 2894 certam
2335 2856 2377 2893 in
2393 2855 2470 2894 Ec-

1353 2912 1480 2952 clesiis
1508 2909 1762 2963 Apostolicis‚
1791 2907 1853 2947 vel
1882 2908 2190 2961 Apostolicarum
2219 2907 2404 2955 filiabus3
2433 2908 2470 2946 83

1350 2974 1527 3020 apertam
1556 2963 1726 3015 ejusdem
1756 2961 1941 3001 doarinae
1972 2962 2245 3014 professionem
2274 2964 2316 3000 in
2344 2963 2471 3015 operi-

1354 3021 1427 3060 bus
1456 3017 1680 3059 Sanctorum
1710 3015 1864 3055 Petrum
1883 3047 1894 3065 ,
1924 3013 2168 3069 aliorumque
2196 3015 2437 3068 Scriptorum
2453 3028 2468 3061 ς

1356 3076 1527 3123 scimus,
1569 3072 1664 3125 qui,
1703 3068 1737 3106 8<
1765 3070 1921 3124 quando
1959 3082 2238 3122 nonnunquam
2267 3071 2305 3107 in
2334 3068 2470 3120 paucis

1357 3128 1593 3176 erraverint,
1629 3125 1801 3165 maxima
1828 3123 1996 3165 aliorum
2024 3132 2133 3178 parte
2161 3122 2471 3170 contradicente3

2338 3188 2413 3213 sci-

1347 3256 1482 3290 cinium
1506 3258 1666 3298 qu'aerant
1685 3252 1921 3287 Protestantes
1935 3274 1943 3284 .
1971 3251 2055 3295 Legi
2073 3250 2180 3283 etiam
2197 3257 2355 3282 meretur
2371 3249 2463 3282 Car-

1346 3301 1456 3336 dinal,
1495 3301 1596 3337 Vinc.
1622 3300 1720 3337 Gotti
1755 3299 1793 3334 in*
1818 3305 1896 3339 vera
1921 3298 2092 3335 Ecclesia
2117 3296 2256 3332 Christi
2294 3296 2398 3331 Tom-
2425 3294 2457 3327 Ι·

1348 3356 1425 3396 cap·
1456 3358 1492 3394 9·
