2564 3706
210 148 295 181 212

146 217 223 255 lam
245 213 429 253 Ecclesiae
451 211 590 252 Matris
619 225 750 253 vocem
783 215 1012 260 audiamus;
1042 224 1122 252 tum
1144 213 1257 250 etiam

146 270 237 320 quia
269 280 310 304 ex
343 267 487 315 veteri,
531 267 565 303 δι
594 269 769 306 unanimi
800 268 858 306 Ss.
890 267 1045 305 Patrum
1084 267 1258 303 doctrina

143 330 266 359 ratum
286 351 295 367 ‚
328 319 359 355 &
389 320 550 358 firmum
580 323 735 359 omnino
764 332 843 369 est,
881 321 1030 359 nullam
1061 327 1165 355 extra
1194 331 1257 354 ve-

141 387 225 412 ram
247 374 464 412 Ecclesiam
484 375 624 413 Christi
641 375 804 414 obtineri
821 388 926 428 posse
942 372 1125 416 salutem3
1145 369 1259 422 quid-

141 428 236 480 quid
266 427 474 466 Novatores
514 428 637 481 aliqui
668 439 797 468 contra
840 429 938 464 hanc
981 437 1258 471 communem,

140 481 462 534 verissimamque
505 483 729 521 sententiam
772 481 970 526 effutiant,
1019 489 1113 531 quas
1142 489 1258 531 super

139 535 300 574 Dissert.
332 550 418 587 cap.
451 536 488 574 6,
520 536 553 572 3(
587 551 623 587 7.
653 536 905 573 refutavimus
927 556 937 568 .

197 589 289 635 224.
320 588 435 627 Porro
465 603 509 628 ex
540 588 737 627 communi
781 586 985 622 hominum
1014 599 1127 623 sensu
1157 593 1254 624 notae

140 642 309 693 alicujus
337 644 421 690 rei,
452 643 618 693 adeoque
649 641 762 678 etiam
783 638 999 687 Ecclesiae,
1029 639 1165 677 debent
1195 638 1256 678 illi

139 695 210 734 soli
241 698 471 741 convenire3
502 695 593 732 alias
622 702 739 731 essent
759 693 805 730 ad
837 691 947 730 illam
969 706 1051 730 rem
1080 693 1256 731 indican-

140 749 229 787 dam
261 751 403 799 ineptae
422 775 430 785 .
469 747 617 786 Deinde
645 746 780 784 debent
809 760 887 785 esse
911 745 1077 795 faciles,
1108 746 1142 784 8(
1172 760 1256 785 sen-

139 802 290 850 sibiles,
313 810 351 839 ut
366 801 524 839 cuilibet
541 830 551 847 ,
581 800 693 837 modo
714 799 957 852 diligentiam
987 798 1171 839 adbibere
1191 815 1256 840 ve-

138 855 197 904 lit,
218 856 363 908 perviae
380 856 474 892 sint.
496 853 626 890 Tertio
645 862 743 892 notae
764 866 840 892 non
858 865 1006 907 semper
1027 857 1256 894 constituunt

138 910 383 946 intrinsecam
415 908 468 943 rei
498 915 673 945 naturam
692 938 702 956 ,
732 908 796 946 sed
825 910 913 947 satis
942 918 1022 958 est,
1051 911 1081 948 si
1111 923 1198 948 eam
1218 922 1257 946 e-

137 963 324 1001 xtrinsece
352 961 552 1009 indicent,
583 960 617 997 &
647 974 711 999 nos
739 962 927 1011 doceant,
959 962 1120 1003 ubinam
1149 977 1205 1001 res
1226 965 1258 1001 i-

137 1029 205 1067 psa
234 1016 302 1052 sit:
347 1014 446 1052 unde
475 1014 507 1051 8(
538 1016 984 1069 proprietates,alicujus
1013 1018 1070 1056 rei
1103 1026 1257 1070 possunt

138 1082 214 1106 esse
244 1067 415 1119 ejusdem
446 1077 544 1106 notas
564 1095 574 1107 0

191 1122 282 1160 225.
314 1122 364 1161 Ut
395 1130 523 1160 autem
541 1122 623 1160 haec
645 1125 833 1172 materia,
862 1139 952 1177 quas
980 1125 1078 1163 tanti
1107 1133 1159 1163 est
1174 1138 1257 1162 mo-

137 1176 275 1223 menti,
297 1178 430 1227 quanti
453 1174 678 1226 hominum,
707 1192 801 1230 quos
816 1179 985 1217 Christus
1007 1180 1167 1230 pretioso
1190 1190 1257 1216 suo

141 1229 341 1281 Sanguine
369 1229 557 1279 redemit,
602 1239 743 1268 aeterna
785 1232 913 1280 salus„
958 1232 1065 1270 clara
1100 1233 1141 1268 in
1170 1230 1258 1269 luce

138 1291 301 1334 ponatur
323 1313 334 1331 ,
372 1297 459 1320 eam
488 1284 528 1320 in
560 1283 690 1335 plures
719 1284 900 1321 articulos
929 1285 1171 1336 partiemur3
1216 1285 1257 1322 in

135 1349 303 1388 quorum
331 1337 459 1387 primo
486 1346 593 1373 notas
622 1351 644 1374 a
664 1335 961 1375 Protestantibus
989 1338 1166 1376 inventas
1193 1350 1259 1375 ex-

136 1402 353 1441 ponemus,
396 1388 429 1424 &
459 1389 741 1438 refutabimus,
789 1391 831 1428 in
859 1392 994 1429 ceteris
1037 1398 1166 1430 autem
1195 1405 1259 1430 eas

135 1442 394 1489 stabiliemus,
425 1456 519 1493 quas
548 1434 724 1494 Synodus
744 1444 1162 1497 Constantinopolitana
1191 1459 1259 1484 no-

135 1494 196 1534 bis
226 1496 266 1532 in
293 1494 483 1547 Symbolo
511 1496 695 1544 tradidit,
738 1497 956 1537 Ecclesiam
986 1498 1187 1552 appellans
1216 1513 1260 1538 u-

136 1561 235 1592 nam
252 1579 263 1598 ,
293 1557 486 1587 sanctam
504 1579 515 1599 ,
546 1549 790 1589 catholicam
809 1582 820 1600 ,
848 1552 898 1595 <9¹
928 1554 1194 1604 apostolicam
1212 1580 1225 1593 .

515 1656 816 1699 ARTICULUS
845 1661 879 1700 Ι,

161 1763 436 1816 Exponuntur
457 1795 467 1815 ,
497 1765 547 1807 (θ’
576 1768 812 1820 rejiciuntur
840 1777 948 1808 notae
965 1802 976 1820 ‚
1005 1770 1140 1823 quibus
1171 1784 1230 1811 te-

203 1832 298 1857 ram
332 1819 476 1857 Christi
504 1819 740 1860 Ecclesiam
770 1828 957 1875 cognosci
987 1834 1194 1877 oportere,

435 1873 659 1914 Acatlzolz'cz'
687 1877 932 1915 contendant
947 1904 958 1917 .

194 1978 285 2018 226.
303 1956 374 2024 Et
404 1980 562 2032 quidem
591 1983 720 2034 primo
758 1992 842 2021 sunt
883 1981 1008 2036 aliqui
1038 1985 1134 2023 inter
1164 1987 1262 2024 Aca-

136 2032 322 2083 tholicos,
365 2036 433 2085 qui
464 2043 578 2072 totam
609 2035 707 2074 hanc
737 2040 1036 2076 controversiam
1079 2053 1263 2091 superva-

140 2100 298 2124 caneam
330 2098 407 2124 esse
436 2095 601 2138 putant,
632 2091 810 2127 necnotis
829 2103 925 2141 opus
954 2105 1032 2128 esse
1060 2092 1109 2129 ad
1130 2106 1262 2130 veram

137 2142 436 2190 cognoscendam
458 2139 674 2179 Ecclesiam
697 2143 761 2193 (a)
779 2169 790 2181 .
820 2143 901 2181 Alii
921 2153 1071 2193 autem,
1092 2146 1162 2197 qui
1180 2159 1263 2196 pas-

139 2194 214 2230 sim
244 2194 447 2232 nobiscum
478 2196 742 2233 necessitatem
774 2197 938 2235 fatentur
960 2227 971 2244 ,
1008 2198 1195 2236 statuendi
1225 2214 1264 2237 a-

135 2245 263 2300 liquas
293 2257 420 2295 notas,
459 2247 600 2299 quihus
629 2263 718 2287 vera
748 2249 891 2289 Christi
919 2250 1094 2290 Ecclesia
1124 2265 1264 2304 cogno-

138 2310 289 2349 scatur,
320 2301 435 2339 modo
464 2300 620 2353 plures,
663 2303 777 2341 modo
806 2305 1007 2356 pauciores
1036 2314 1264 2344 enumerant

142 2353 198 2405 (b)
218 2381 227 2392 .
259 2355 310 2393 Ut
339 2355 556 2408 plurimum
585 2365 713 2395 tamen
743 2358 837 2396 duas
866 2372 944 2396 esse
965 2358 1099 2398 volunt
1127 2373 1263 2398 essen-

140 2409 278 2457 tiales,
307 2409 340 2445 ἃ
360 2413 542 2461 proprias
560 2440 570 2458 ,
599 2410 749 2450 scilicet
772 2425 909 2463 puram
933 2413 1042 2452 verbi
1064 2413 1138 2452 Dei
1162 2427 1263 2467 prae-

138 2462 367 2502 dicationem
389 2494 400 2513 ,
438 2463 472 2500 8<
503 2462 717 2515 legitimam
747 2464 1116 2516 Sacramentorum‚
1159 2468 1265 2507 scili-

139 2526 197 2554 cet
225 2516 438 2569 baptismi,
478 2526 591 2569 atque
621 2518 864 2557 eucharistiae
896 2523 911 2572 (
942 2534 1015 2559 non
1043 2522 1146 2560 enim
1176 2522 1264 2574 plu--

138 2582 182 2608 xa
211 2578 420 2622 agnoscunt
438 2571 453 2620 )
483 2572 854 2612 administrationem
873 2600 883 2611 .
913 2575 994 2613 Imo
1012 2574 1075 2613 Jo.
1094 2576 1263 2614 Gerliar-

140 2624 209 2662 dus
241 2628 255 2676 (
286 2627 326 2663 in
356 2624 475 2663 Locis
505 2624 673 2678 theolog.
704 2627 818 2666 Tom.
838 2628 911 2667 XI.
941 2628 1016 2667 loc.
1047 2628 1196 2668 XXIII.
1227 2645 1262 2670 c·

145 2691 208 2717 10.
238 2678 284 2730 ).
314 2678 357 2717 St
385 2678 517 2719 striHe
547 2681 650 2734 loqui
679 2682 880 2733 remmus,
909 2683 990 2734 ait,
1019 2693 1153 2735 posset
1179 2697 1264 2723 una

197 2820 244 2853 (α)
275 2819 326 2850 lta
352 2819 470 2854 Simon
497 2820 706 2866 Episcopins
743 2823 780 2855 in
805 2821 948 2868 Disput.
973 2827 1060 2868 priv.
1098 2825 1142 2858 de
1168 2827 1261 2858 notis

147 2860 315 2914 Ecclesiae
341 2876 416 2910 cap.
445 2878 475 2900 2.
503 2877 577 2901 tum
603 2867 716 2902 Andr.
735 2868 900 2904 Jadecius
927 2872 963 2904 in
989 2872 1081 2905 notis
1109 2870 1151 2904 ad
1170 2873 1262 2905 Smi-

144 2907 323 2961 glecium,¹
350 2925 388 2944 ac
414 2913 567 2948 Pisecius
593 2917 630 2948 in
656 2928 746 2960 resp.
773 2919 819 2951 ad
844 2919 963 2952 decem
987 2923 1164 2952 orationes
1186 2924 1261 2952 &a

146 2963 254 3008 atque
278 2964 384 2989 etiam
410 2960 459 2992 ita
483 2962 612 2995 sentire
639 2973 894 3007 consequenter
913 2964 1063 3006 debent,
1088 2974 1261 3011 quotquot

146 3001 495 3055 zndzfferentismum,
523 3020 563 3041 ac
590 3012 862 3044 tolerantismum
887 3011 1107 3054 admittunt,
1130 3014 1263 3046 multo-

145 3059 216 3093 que
241 3060 376 3093 magis,
402 3052 460 3094 qui
489 3054 684 3089 Ecclesiam
710 3057 925 3092 invisibilem
950 3059 1018 3092 sihi
1045 3061 1241 3104 effingunt.

199 3095 244 3133 (b)
277 3096 452 3129 Lutherus
479 3098 514 3130 in
538 3101 655 3134 ultim.
685 3104 778 3137 Part.
807 3106 905 3138 Libri
931 3108 975 3140 (le
994 3106 1194 3148 Concilz‘is,
1222 3111 1264 3140 Θ

148 3139 317 3176 Ecclesia
331 3165 343 3184 ,
369 3152 500 3188 septem
520 3149 678 3189 proponit
693 3150 860 3184 Ecclesiae
879 3162 979 3186 notas
994 3174 1005 3193 ,
1024 3166 1177 3198 quarum
1191 3154 1264 3199 pri-

148 3199 208 3223 ma
234 3197 285 3222 est
311 3201 417 3230 vera,
444 3193 474 3222 δι
501 3192 704 3236 incorrupta
728 3197 933 3238 praedicatio
958 3201 1172 3244 Evangelii,
1211 3213 1265 3234 se-

147 3234 264 3269 cunda
289 3236 447 3280 legitima
467 3236 727 3272 administratio
744 3242 908 3286 baptismi
925 3268 936 3286 ,
961 3248 1067 3280 tertia
1085 3248 1265 3292 legitimus

152 3294 237 3315 usus
252 3282 496 3325 eucharistiae,
522 3293 648 3328 quarta
667 3286 845 3330 legitimus
862 3303 945 3324 usus
959 3294 1135 3335 clavium,
1161 3296 1267 3339 quin-

152 3329 372 3380 tet-legitima
399 3330 516 3365 electio
539 3331 814 3373 Ministrorum,
850 3346 947 3370 sexta
971 3341 1087 3374 oratio
1122 3341 1266 3385 publica

154 3372 320 3413 xdiomate
334 3377 545 3420 vernaculo,
571 3378 720 3424 septima
737 3382 949 3426 mysterium
967 3387 1105 3428 crucis,
1122 3399 1182 3423 seu
1199 3388 1265 3422 tri-

752 132 902 178 PARS
932 133 996 178 ΙΙ.
1027 129 1431 178 DISSERTATIO
1464 129 1542 174 111.
1578 131 1707 174 CAP.
1731 134 1831 178 VII.

1326 220 1487 247 tantum
1529 214 1718 261 propria,
1761 213 1811 252 ξφ
1841 216 2065 254 essentialis
2102 215 2302 256 Ecclesiae
2344 227 2444 258 noto,

1326 267 1537 312 constitui,
1575 264 1779 314 videlicet,
1810 278 1911 316 pura
1940 268 2041 306 verbi
2068 269 2146 308 Dei
2174 272 2410 322 praedicatio
2429 304 2441 322 ,

1326 318 1439 369 cujus
1469 317 1673 370 appendix
1703 327 1761 356 est
1792 319 1990 371 legitimus
2011 321 2374 364 sacramentorum
2403 340 2446 364 u-

1326 383 1392 408 sus
1409 397 1419 408 .
1450 371 1538 409 Non
1566 381 1702 423 negant
1731 382 1858 411 tamen
1879 373 2111 413 Heterodoxi
2128 406 2139 424 ,
2170 378 2263 419 alias
2279 394 2355 418 esse
2375 392 2445 418 no·

1326 433 1381 463 tas
1401 423 1587 463 Ecclesiae
1609 438 1841 466 communes
1861 457 1873 476 ,
1903 431 2036 466 minus
2064 434 2245 480 proprias
2262 463 2273 482 ,
2302 433 2352 476 ἔθ’
2371 446 2441 473 (ω-

1328 478 1553 517 cidentales
1569 505 1580 517 .

1382 545 1476 585 227.
1505 533 1546 571 Si
1577 541 1707 572 autem
1736 535 1811 586 ipsi
1840 533 1941 572 nihil
1977 534 2085 574 aliud
2114 535 2284 586 vellent,
2327 555 2446 593 quam

1325 586 1367 625 in
1398 600 1487 624 vera
1508 586 1650 626 Christi
1671 588 1847 626 Ecclesia
1876 601 2016 640 puram
2045 604 2196 643 semper
2223 596 2443 634 conservari

1323 639 1434 678 verbi
1465 640 1539 678 Dei
1583 642 1900 693 praedicationem
1922 672 1933 691 ,
1976 658 2020 681 ac
2062 644 2279 696 legitimum
2308 646 2448 686 Sacra-

1325 703 1544 732 mentorum
1573 709 1714 746 usum,
1759 709 1837 749 quo
1864 696 2019 734 tendere
2062 699 2240 737 videntur
2286 702 2417 739 omnia
2437 730 2448 749 „

1325 761 1413 800 quae
1435 758 1686 798 coacervant,
1716 750 2006 801 Scripturarum
2025 780 2036 798 ‚
2057 760 2354 807 sanctorumque
2376 752 2448 793 Pa-

1325 810 1427 840 trum
1458 803 1705 852 testimonia,
1750 803 1858 857 nulla
1886 817 2042 856 prorsus
2070 804 2181 843 nobis
2222 818 2315 846 esset
2357 822 2449 847 cum

1324 857 1373 894 iis
1402 859 1687 904 controversia3
1729 871 1798 896 nos
1826 859 1932 896 enim
1969 858 2043 910 ipsi
2086 861 2260 911 superius
2290 864 2304 912 (
2334 876 2447 901 num.

1326 910 1365 956 4.
1386 910 1411 960 )
1444 909 1659 949 Ecclesiam
1681 911 1909 950 definientes
1938 924 2023 950 eam
2046 914 2224 951 constitui
2245 913 2446 954 docuimus

1326 978 1395 1017 per
1423 977 1525 1003 verae
1556 964 1648 1003 fidei
1670 966 1942 1017 professionem
1959 995 1970 1015 ,
1999 979 2044 1005 ac
2072 964 2292 1019 legitimum
2311 967 2448 1008 Sacra-

1327 1027 1546 1057 mentorum
1576 1033 1691 1056 usum
1713 1045 1724 1057 .

1384 1072 1477 1111 228.
1508 1072 1658 1111 Verum.
1688 1072 1752 1111 hic
1781 1086 1857 1111 non
1884 1074 2104 1126 quaeritur‚
2135 1075 2173 1113 iu
2202 1088 2280 1128 quo
2308 1076 2378 1115 sita
2398 1077 2451 1114 sir

1327 1125 1515 1164 Ecclesiae
1545 1135 1702 1172 natura3
1745 1127 1809 1165 sed
1838 1129 1964 1178 potius
1993 1130 2186 1179 quomodo
2223 1130 2340 1181 possit
2368 1143 2452 1169 cer-

1327 1181 1373 1216 tis
1403 1180 1517 1230 signis
1547 1181 1751 1229 cognosci.
1784 1180 2005 1219 Absurdum
2037 1191 2164 1220 autem
2187 1183 2364 1232 videtur,
2395 1193 2450 1222 ta·-

1327 1232 1381 1270 Iia
1412 1245 1514 1269 verae
1544 1231 1732 1270 Ecclesiae
1761 1234 1869 1283 signa
1898 1236 2105 1282 constitui,
2134 1248 2224 1288 quae
2254 1237 2320 1276 vix
2340 1251 2362 1275 a
2382 1238 2449 1275 do-

1326 1287 1397 1323 ctis
1426 1283 1660 1336 Theologis,
1704 1285 1755 1323 ab
1784 1285 1872 1323 aliis
1900 1299 1991 1325 vero
2018 1287 2199 1325 fidelibus
2216 1318 2226 1335 ,
2270 1291 2338 1341 qui
2367 1304 2451 1328 ma-

1328 1340 1476 1376 ximam
1493 1346 1640 1391 partem
1670 1339 1926 1388 constituunt,
1956 1353 2001 1377 ne
2031 1340 2096 1378 vix
2126 1341 2285 1394 quidem
2314 1355 2451 1393 cogno-

1327 1394 1382 1431 sci
1412 1401 1595 1445 possunt.
1634 1392 1686 1431 Ut
1716 1394 1819 1431 enim
1849 1401 2165 1445 cognosceretur,
2214 1393 2374 1432 ubinam
2405 1395 2454 1434 sit

1328 1460 1427 1500 pura
1448 1447 1558 1486 verbi
1579 1446 1653 1485 Dei
1683 1447 1930 1500 praedicati0‚
1960 1454 2105 1500 oportet
2133 1446 2451 1500 diligentissimo,

1328 1509 1443 1553 atque
1472 1510 1650 1539 accurato
1677 1501 1851 1540 examine
1881 1501 2031 1553 singula
2052 1501 2336 1553 praedicationis
2365 1516 2452 1541 ver-

1328 1555 1370 1593 bi
1400 1555 1474 1593 Dei
1492 1585 1504 1603 ,
1546 1555 1580 1592 8(
1609 1554 1947 1594 Sacramentorum
1977 1555 2314 1595 administrationis
2352 1570 2453 1608 pun-

1328 1618 1387 1647 cta
1417 1609 1680 1662 perpendere,
1727 1624 1772 1647 ea
1801 1623 1891 1648 cum
1921 1610 2039 1648 sacris
2067 1608 2203 1648 litteris
2250 1610 2453 1660 conferre,

1328 1663 1640 1702 adversariorum
1669 1662 1915 1712 difficultates
1943 1663 2078 1701 audire
2096 1692 2107 1711 ,
2135 1663 2170 1699 ἃ
2199 1663 2453 1715 dispungere,

1327 1715 1485 1768 aliaque
1514 1715 1631 1769 hujus
1660 1718 1812 1768 generis
1840 1731 1915 1755 non
1943 1730 2071 1769 pauca
2100 1718 2289 1755 examinis
2318 1717 2448 1757 media

1327 1769 1541 1819 adhibere,
1570 1784 1660 1824 quae
1690 1770 1854 1808 rudibus
1882 1769 2144 1821 impossibilia
2157 1771 2314 1808 omnino
2343 1784 2451 1820 esse,

1328 1824 1566 1877 sapientibus
1596 1833 1726 1863 autem
1754 1822 2004 1878 perdifficilia
2023 1853 2033 1871 ,
2063 1837 2134 1861 nec
2164 1824 2253 1861 satis
2281 1833 2360 1863 tuta
2389 1838 2452 1862 su>-

1327 1878 1456 1931 perius
1487 1880 1502 1930 (
1533 1878 1732 1917 Dissertat.
1766 1879 1815 1917 Η.
1860 1892 1947 1930 cap.
1983 1891 2018 1916 1.
2047 1878 2062 1926 )
2093 1877 2354 1916 ostendimus.
2402 1877 2452 1916 At

1329 1945 1420 1969 vero
1448 1946 1600 1981 omnes,
1638 1933 1788 1971 nemine
1818 1941 2002 1984 excepto,
2044 1931 2184 1970 debent
2212 1944 2344 1971 veram
2374 1931 2452 1972 Dei

1330 1984 1549 2023 Ecclesiam
1577 1999 1799 2036 cognoscere
1817 2015 1830 2033 ,
1857 1987 1973 2037 eique
2000 1986 2180 2031 interius,
2208 1986 2453 2037 exteriusque

1330 2036 1537 2089 conjungi,
1567 2046 1607 2075 ut
1635 2039 1775 2089 possint
1805 2039 1845 2074 in
1875 2051 1919 2074 ea
1948 2037 2110 2075 salutem
2141 2045 2327 2074 aeternam
2358 2051 2452 2076 con-

1332 2091 1464 2142 sequi:
1507 2089 1586 2128 alia
1614 2090 1731 2142 igitur
1760 2090 1971 2142 quaerenda
2000 2097 2084 2127 sunt
2125 2103 2227 2127 verae
2258 2089 2451 2129 Ecclesiae

1331 2144 1439 2194 signa
1457 2173 1468 2192 ,
1496 2143 1688 2181 beneficio
1715 2157 1883 2194 quorum
1913 2143 2031 2194 possit
2059 2143 2225 2195 quilibet
2253 2157 2338 2182 eam
2368 2151 2451 2183 cer-

1331 2204 1368 2234 to
1396 2209 1623 2248 cognoscere
1645 2226 1657 2245 ,
1700 2205 1812 2248 atque
1842 2210 1863 2234 a
1893 2195 1997 2233 falsis
2026 2198 2364 2236 communionibus
2392 2199 2452 2237 di-

1332 2263 1508 2290 scernere
1525 2277 1536 2289 .

1387 2317 1478 2357 229.
1504 2304 1620 2343 'Hanc
1647 2303 1835 2343 invictam
1878 2303 2069 2342 rationem
2086 2298 2209 2342 'nobis
2236 2305 2452 2358 suppeditat

1329 2357 1491 2397 Sanctus
1521 2359 1757 2410 Augustinus
1781 2357 1919 2396 Contr.
1939 2355 2072 2407 Epist·
2088 2355 2360 2408 fundamenti
2389 2373 2453 2399 ca-

1329 2413 1401 2465 pit.
1423 2412 1461 2458 4.
1493 2411 1608 2450 Toni.
1631 2411 1761 2461 Vm„
1789 2411 1859 2449 ubi
1888 2424 2115 2450 enumerans
2145 2413 2255 2450 varia
2285 2412 2451 2461 motiva,

1330 2465 1474 2519 quibus
1502 2479 1540 2504 se
1569 2467 1609 2504 in
1630 2463 1805 2504 Ecclesia
1832 2464 2034 2504 Catholica
2060 2467 2178 2504 teneri
2207 2464 2452 2515 affirmabat,

1332 2521 1504 2568 censuit,
1546 2520 1796 2558 omittendam
1825 2533 1902 2558 esse
1931 2522 2251 2559 sincerissimam
2291 2524 2454 2571 sapien-

1331 2578 1462 2623 tiam,
1493 2587 1559 2611 seu
1589 2575 1797 2627 puritatem
1817 2573 1999 2614 doctrinae
2018 2603 2029 2622 ,
2057 2577 2153 2624 quia
2170 2603 2181 2622 ,
2211 2575 2366 2626 inquit,
2395 2570 2453 2611 ac}

1332 2630 1419 2681 ejus
1463 2632 1730 2681 cognitionem
1772 2628 1837 2667 via
1879 2628 2068 2670 examinis
2111 2630 2229 2680 pauci
2264 2630 2454 2680 spiritua-

1333 2683 1389 2721 les
1419 2686 1462 2722 ιή
1490 2681 1566 2721 lzac
1596 2687 1677 2724 Vita
1704 2683 1964 2734 perveniunt.
2335 2735 2356 2747 ‚-

2306 2748 2403 2775 2000

1329 2823 1530 2857 bulationes
1558 2822 1653 2856 intus
1671 2843 1681 2863 ‚
1708 2824 1740 2854 &
1759 2820 1844 2854 foris
1858 2843 1866 2852 .
1893 2819 2001 2855 Addit
2020 2828 2160 2861 tamen,
2184 2820 2242 2853 vel
2259 2820 2369 2854 solam
2383 2820 2452 2864 pri=

1331 2882 1426 2903 mam
1453 2870 1608 2904 sufficere
1641 2871 1687 2903 acl
1713 2869 1965 2903 convincendos
2003 2871 2160 2908 animos,
2201 2869 2290 2912 quod
2316 2868 2365 2899 ibi
2404 2870 2455 2900 sia

1331 2917 1518 2951 catholica
1542 2916 1710 2950 Ecclesia
1724 2938 1732 2947 .
1760 2917 1799 2948 In
1818 2914 2050 2959 Censes-sione
2069 2914 2275 2959 Augustana
2301 2921 2369 2946 art.
2391 2924 2421 2957 7.
2440 2933 2455 2954 ³

1331 2965 1408 2998 ttim
1433 2964 1468 2996 in
1494 2963 1653 3009 ejusdem
1674 2963 1897 3007 Confession.
1911 2962 2088 3006 Apologia
2106 2961 2244 2995 nonnisi
2264 2959 2340 2993 duae
2360 2960 2455 3004 prio-

1330 3023 1385 3044 res
1412 3023 1454 3044 εκ
1480 3023 1587 3056 supra
1611 3010 1733 3043 relatis
1759 3011 1851 3043 notis
1887 3016 2153 3054 proponuntur.
2195 3008 2261 3042 His
2286 3012 2454 3041 consonat

1331 3058 1440 3091 etiam
1465 3059 1634 3092 Calvinus
1664 3057 1742 3090 Lib.
1769 3057 1830 3090 1V.
1856 3054 2012 3089 Institut.
2040 3067 2116 3100 cap.
2146 3067 2175 3088 1.
2202 3058 2234 3098 §.
2261 3065 2295 3097 9.
2321 3057 2352 3085 ἃ·
2377 3062 2453 3095 seq.

1331 3104 1393 3138 ubi
1421 3113 1538 3139 tamen
1564 3107 1596 3148 §.
1626 3115 1679 3137 12.
1706 3103 1803 3145 vult,
1829 3102 1909 3137 illas
1935 3101 2021 3136 duas
2048 3110 2148 3136 notas
2174 3102 2321 3135 ita-esse
2346 3098 2454 3150 inte-l-

1332 3151 1518 3195 ligendas,
1543 3160 1583 3185 ut
1609 3152 1637 3184 si
1662 3149 1846 3195 quidpiam
1874 3150 1954 3184 vitii
1979 3151 2037 3183 vel
2063 3150 2099 3182 in
2124 3147 2299 3186 doctrina,
2332 3145 2388 3176 vel
2414 3155 2453 3177 ln

1333 3209 1636 3232 sacramentorum
1673 3196 1981 3231 administratione
2006 3197 2176 3239 obrepat,
2217 3205 2287 3226 non
2326 3190 2452 3225 debeat

1334 3258 1396 3278 nos
1422 3247 1466 3280 ab
1493 3245 1570 3290 ejus
1595 3245 1762 3278 Ecclesiae
1790 3244 2036 3279 communione
2063 3243 2234 3274 alienare.
2262 3239 2348 3283 Quae
2374 3248 2454 3270 sen-

1334 3293 1445 3326 tentia
1470 3294 1576 3327 etiam
1601 3304 1621 3324 a
1647 3291 1858 3325 Lutheranis
1883 3289 2047 3335 adoptata
2074 3287 2164 3328 fuit,
2190 3295 2311 3333 utpote
2329 3294 2452 3320 neces·

1336 3339 1427 3375 saria
1453 3338 1498 3374 ad
1521 3347 1684 3374 mutuam
1711 3338 1961 3374 tolerantiam.
