2564 3706
693 181 1397 278 SECUNDA
1480 182 1837 280 PARS

346 381 432 433 DE
466 382 954 436 FUNDAMENTis
991 385 1372 433 RELIGIONIS
1410 383 2178 442 CATHOLlco-ROMANAE

842 464 1119 521 CONTRA
1156 463 1684 514 UETERODOAQS.

174 709 210 737 1.
284 733 294 738 ,
333 696 527 750 ultiplices
557 696 843 737 incredulorum
873 696 1116 736 difficultates
1137 709 1228 736 con·

117 757 176 790 tra
206 751 429 802 religionem
460 750 670 790 revelatam
702 752 883 790 hactenus
905 752 986 788 Deo
1014 751 1228 801 opitulante

112 804 392 844 enodavirn11³.·
424 804 549 844 Unam
579 815 704 844 tamen
726 805 817 843 huic
846 805 929 841 loco
950 816 1140 840 reservare
1159 816 1228 854 op·

112 866 317 914 portunum
346 859 556 907 duximus,
585 860 676 911 quia
706 858 788 909 ejus
816 856 952 894 solutio
979 855 1088 892 nobis
1116 856 1227 907 quasi

110 922 271 961 januam
302 914 423 963 aperit
452 912 499 950 ad
521 924 650 949 veram
666 911 806 947 Christi
831 908 1077 957 religionem,
1108 922 1227 958 quam

109 962 283 1002 Ecclesia
304 963 687 1003 Romano-catholica
706 962 918 1013 profitetur
933 988 944 1008 ,
973 975 996 998 a
1025 959 1130 998 falsis
1149 961 1227 998 He-

111 1018 377 1055 terodoxorum
407 1015 514 1054 seais
543 1015 829 1053 discernendam
847 1039 858 1052 .

164 1083 203 1108 2.
233 1071 288 1109 Ita
317 1079 445 1109 autem
474 1068 663 1118 objiciunt
685 1067 912 1105 Christianae
938 1064 1136 1117 religionis
1156 1065 1223 1104 ho·

105 1130 202 1162 stes:
246 1125 398 1174 insignis
427 1120 609 1159 doctrinae
639 1136 662 1160 a
691 1120 775 1159 Deo
817 1119 995 1159 revelatae
1026 1118 1224 1158 charaeter

105 1188 184 1212 esse
209 1175 322 1213 debet
351 1175 629 1227 perspicuitas,
657 1183 701 1212 ut
730 1189 868 1226 nempe
897 1187 1035 1221 verus,
1072 1188 1222 1224 germa-

103 1239 252 1281 nusque
278 1226 362 1273 eius
391 1241 517 1266 sensus
546 1243 565 1265 a
586 1227 763 1281 quolibet
788 1229 905 1266 etiam
927 1226 1042 1265 facile
1070 1228 1222 1280 percipi

103 1291 245 1333 queat3
281 1280 454 1320 doctrina
483 1283 589 1319 enim
619 1282 670 1320 ita
696 1281 889 1329 obscura,
931 1280 1115 1331 ambigua
1132 1310 1149 1329 ,-
1186 1281 1220 1317 8:

105 1336 307 1387 aeqtiivoca
325 1364 336 1383 ,
367 1344 407 1373 ut
437 1336 477 1373 in
506 1348 794 1387 quamcumque
823 1344 972 1387 partem
1002 1334 1219 1386 detorqueri

104 1388 248 1439 possit,
278 1397 377 1425 certe
406 1402 428 1426 a
459 1388 541 1426 Deo
570 1387 738 1427 revelata
765 1401 841 1426 nou
868 1397 947 1427 est.
987 1387 1034 1425 At
1063 1400 1152 1424 vero
1180 1389 1220 1425 iu

105 1440 279 1478 doctrina
302 1440 548 1488 Christiana,
578 1455 698 1494 quam
728 1441 922 1480 coelestem
940 1471 950 1489 ,
981 1441 1015 1478 8:
1044 1441 1219 1479 divinam

104 1493 363 1545 praedicamus
380 1524 390 1543 ‚
437 1493 661 1545 hujusmodi
705 1495 984 1547 perspicuitatis
1028 1493 1223 1532 character

106 1557 180 1584 non
208 1557 393 1600 apparet,
423 1562 512 1586 cum
544 1548 742 1586 videamus
760 1577 772 1596 ,
801 1563 822 1584 e
851 1550 978 1601 prima
1007 1548 1129 1599 ipsius
1146 1549 1223 1586 ori-

103 1601 194 1651 gine
224 1614 342 1653 usque
371 1601 419 1639 ad
447 1600 535 1639 liaec
561 1611 689 1639 nostra
709 1610 879 1652 tempora
897 1631 908 1649 ,
937 1602 984 1638 de
1012 1613 1102 1638 vero
1121 1600 1222 1650 ejus·

101 1653 192 1690 dem
222 1667 333 1692 sensu
357 1653 445 1692 lites
472 1667 622 1706 semper
654 1655 792 1701 fuisse,
821 1654 855 1690 &
885 1653 1010 1692 adhuc
1039 1666 1117 1691 esse
1136 1653 1221 1706 pla-

102 1717 151 1742 ne
181 1706 439 1745 immortales:
488 1719 565 1744 non
602 1720 691 1757 ergo
728 1707 899 1746 doctrina
936 1716 1054 1760 potest
1094 1720 1172 1745 esse
1199 1722 1222 1747 a

109 1757 194 1798 Deo
222 1759 418 1798 revelata.
449 1760 501 1798 lta
531 1760 749 1799 increduli.
1119 1781 1121 1784 ⁴

155 1812 196 1851 3.
225 1813 299 1851 Sed
321 1813 416 1851 nihil
438 1812 645 1851 Catholicis
667 1813 822 1853 facilius
838 1844 850 1862 ,
880 1814 914 1851 8(
934 1812 1061 1862 nihil,
1089 1822 1130 1850 ut
1150 1828 1223 1865 pu-

103 1872 143 1904 to
159 1894 171 1913 ,
198 1865 397 1904 difficilius
416 1865 649 1905 Acatholicis
665 1897 676 1915 ,
704 1881 823 1919 quam
844 1866 944 1906 hanc
963 1867 1220 1917 objectionem

100 1920 286 1970 expedire
302 1945 313 1957 .
344 1919 523 1958 Dicimus
543 1933 629 1967 nos,
656 1921 868 1958 doctrinam
885 1920 1029 1959 Clu-isti
1047 1921 1084 1956 in
1104 1922 1221 1958 sacris

98 1969 262 2020 litteris,
293 1981 406 2024 atque
435 1972 663 2024 Apostolicis
691 1973 962 2011 traditionibus
981 1981 1218 2020 contentam,

100 2036 174 2063 non
203 2037 356 2077 semper
384 2037 468 2078 pers
500 2025 629 2064 icuam
656 2038 735 2063 esse
764 2038 900 2077 posse,
939 2038 1032 2063 cum
1063 2034 1218 2077 propter

98 2079 376 2131 mysteriorum
395 2039 674 2117 sublimitatem
693 2109 704 2127 ‚
733 2087 814 2116 tum
836 2088 992 2131 propter
1011 2078 1107 2117 alias
1126 2092 1217 2116 cau-

97 2145 184 2179 sas,
227 2145 321 2185 quas
346 2133 432 2172 sine
458 2141 646 2185 perpetuo
674 2132 866 2170 miraculo
892 2132 999 2171 Deus
1029 2132 1216 2183 impedire

97 2197 171 2223 non
203 2187 404 2236 potuisset:
452 2185 582 2223 Deum
610 2193 736 2223 tamen
766 2184 858 2222 huic
894 2185 1115 2222 obscuritati
1147 2183 1216 2221 tol-

98 2235 226 2277 lendae
253 2239 364 2278 nobis
394 2238 537 2286 facile,
580 2251 625 2275 ac
653 2239 886 2275 tutissimum
915 2238 1089 2274 medium
1126 2250 1216 2288 sup-

91 2292 309 2344 peditasse,
351 2304 491 2342 nempe
533 2290 668 2331 vivum
706 2290 966 2342 magisterium
997 2289 1213 2339 Ecclesiae,

93 2348 158 2384 cui
179 2343 352 2384 Christus
370 2345 559 2383 Dominus
579 2344 692 2382 totius
713 2342 956 2382 revelationis
976 2344 1211 2396 depositum,

96 2396 132 2432 ἃ
160 2399 371 2435 custodiam
400 2397 583 2446 tradidit,
627 2396 661 2433 8<
690 2398 753 2435 cui
782 2406 967 2450 perpetuo
1006 2411 1044 2436 se
1072 2406 1212 2450 pratsto

95 2449 274 2488 futurum
304 2452 479 2502 promisit
509 2464 626 2502 usque
655 2452 704 2489 ad
742 2452 1111 2489 consummationem
1141 2464 1212 2488 sae—

95 2501 177 2541 culi
195 2528 205 2539 .
239 2502 299 2540 Ab
327 2518 370 2541 ea
399 2504 518 2554 igitur
546 2503 660 2541 facile
680 2513 732 2541 est
758 2504 994 2556 cuicumque
1023 2503 1131 2542 fideli
1160 2513 1213 2541 et-

95 2555 175 2594 iam
206 2556 320 2602 rudi,
359 2569 491 2593 verum
510 2586 521 2603 ‚
562 2569 865 2607 germanumque
895 2558 1036 2594 divinae
1066 2557 1212 2595 revela-

98 2609 214 2646 tionis
243 2622 395 2646 sensum
425 2611 506 2647 sine
535 2609 616 2646 ullo
645 2611 781 2646 erroris
802 2609 976 2661 periculo
995 2610 1213 2650 addiscere.

97 2660 160 2699 En
192 2663 320 2713 itaque
350 2663 540 2714 insignem
571 2662 713 2710 illum,
742 2677 858 2714 quem
881 2662 1069 2700 lncreduli
1098 2661 1212 2714 jure,

97 2716 312 2766 meritoque
340 2723 567 2767 exposcunt,
597 2716 740 2754 diviuae
761 2715 1002 2754 revelationis
1022 2715 1214 2755 characte-

97 2779 181 2806 rem
200 2798 209 2815 ,
240 2767 384 2807 scilicet
410 2770 595 2808 doctriuae
626 2767 805 2806 revelatae
837 2771 1172 2821 perspicuitatem·

153 2820 192 2867 4.
223 2821 426 2868 Quomodo
455 2832 582 2860 autem
611 2824 755 2875 possint
776 2823 1002 2860 Heterodoxi
1022 2821 1113 2862 huic
1134 2823 1210 2875 ipsi

96 2873 300 2926 objectioni
318 2875 604 2914 incredulorum
626 2874 740 2927 plene
760 2878 994 2924 satisfacere,
1016 2889 1083 2928 ego
1101 2878 1211 2929 equi-

97 2928 187 2966 dem
217 2941 292 2965 non
321 2929 459 2966 video.
505 2929 657 2967 Habent
688 2928 775 2978 illi,
820 2931 1144 2983 quemadmodum
1173 2929 1209 2966 8:

97 2992 164 3019 nos
181 3011 192 3029 ,
221 2982 396 3019 divinam
425 2981 693 3021 revelationem
714 2984 755 3022 in
774 2985 893 3022 sacris
913 2983 1050 3022 litteris
1070 2986 1209 3022 utrius-

143 3123 193 3157 (α)
220 3119 293 3153 Hoc
320 3128 565 3164 argumentum
590 3122 764 3166 eleganter
787 3122 915 3168 juxta,
942 3135 981 3156 ac
1001 3120 1207 3156 solidissime

102 3169 292 3210 pertractat
320 3171 419 3199 l'ater
446 3167 711 3213 La—Berthonye
736 3173 777 3203 O.
805 3171 840 3203 P.
867 3172 901 3203 in
928 3183 989 3203 sua
1015 3171 1094 3203 Xll.
1120 3168 1206 3201 Inst.

105 3211 301 3253 theologica
325 3222 444 3246 contra
469 3216 666 3247 incredulos
687 3219 785 3250 llom.
807 3218 848 3250 ll·
873 3217 948 3249 Des
963 3218 1109 3249 Oe’twres
1126 3227 1208 3257 pour

104 3258 143 3291 Ia
166 3258 311 3302 defense
336 3261 380 3294 de
405 3261 441 3295 la
467 3261 630 3305 Religion
667 3263 688 3294 a
713 3263 809 3296 Paris
839 3274 942 3308 ¹777·
983 3261 1068 3307 Legi
1102 3262 1210 3295 etiam

1296 709 1371 748 que
1399 698 1609 737 testamenti
1638 706 1854 738 contentam
1872 725 1883 738 .
1911 697 1986 738 Sed
2015 699 2144 752 primo
2171 702 2406 755 Apostolicas

1293 750 1514 788 traditiones
1531 756 1710 804 rejiciunt
1728 784 1738 802 ‚
1767 767 1855 806 quae
1877 769 1898 792 a
1916 754 2092 805 patribus
2112 756 2150 793 in
2170 756 2271 795 filios
2287 771 2407 810 usque

1295 802 1343 839 ad
1374 816 1438 840 nos
1466 805 1676 854 derivatae,
1706 807 1817 845 nobis
1846 807 2059 845 luculenter
2079 810 2312 860 patefaciunt
2340 813 2406 849 do-

1295 855 1429 913 ctrinae
1458 856 1507 894 ab
1529 858 1717 910 Apostolis
1745 862 1966 911 praedicatae
1988 860 2207 912 legitimum
2228 877 2377 902 sensum
2395 890 2406 904 .

1295 906 1398 944 Hinc
1427 922 1565 960 magno
1595 926 1631 949 se
1660 914 1759 964 ipsos
1795 916 1948 966 privant
1989 915 2037 952 ad
2067 929 2197 954 veram
2234 916 2406 968 ejusdem

1294 959 1535 999 revelationis
1551 964 1841 1015 intelligentiam
1857 970 2159 1020 consequendam
2170 968 2407 1020 adjumento·

1351 1013 1388 1050 5.
1420 1014 1564 1052 Deinde
1593 1017 1684 1054 dum
1704 1032 1930 1070 supremum
1947 1050 1956 1067 ,
1987 1021 2020 1056 ὅ(
2042 1022 2249 1061 infallibile
2268 1023 2406 1062 Eccle-

1292 1066 1360 1104 siae
1391 1069 1655 1118 magisterium
1687 1072 1819 1107 audire
1847 1082 2047 1120 recusant,
2078 1074 2111 1110 &
2142 1079 2406 1130 unusquisque

1291 1122 1448 1171 proprio
1478 1134 1545 1158 suo
1573 1121 1733 1160 fallibili
1764 1122 1911 1174 judicio
1947 1127 2145 1175 innititur,
2189 1144 2335 1167 necesse
2363 1144 2404 1168 o-

1290 1175 1422 1211 mnino
1451 1183 1527 1222 est,
1556 1176 1659 1214 utin
1688 1177 1840 1224 varias,
1872 1177 2022 1228 sibique
2043 1191 2295 1230 repugnantes
2320 1197 2400 1221 sen-

1285 1227 1420 1264 tentias
1440 1227 1722 1278 distrahantur,
1755 1228 1905 1268 utuiliil
1937 1230 2052 1283 plane
2082 1231 2248 1271 habeant
2277 1237 2398 1284 certi,

1289 1278 1322 1314 8(
1352 1280 1622 1329 determinati,
1660 1296 1737 1333 quo
1785 1291 1864 1320 tuto
1907 1285 2043 1334 pedem
2073 1284 2190 1336 figere
2232 1296 2403 1338 queant.

1290 1332 1390 1370 Hinc
1422 1332 1501 1370 illae
1532 1334 1806 1384 obscuritates,
1849 1338 2194 1388 aequivocationes,
2232 1354 2277 1378 ac
2313 1355 2399 1393 per-

1286 1395 1413 1436 petuae
1442 1390 1710 1426 controversiae
1735 1390 1771 1425 iu
1791 1389 1921 1427 divina
1950 1390 2180 1430 revelatione
2198 1422 2210 1441 ‚
2239 1393 2284 1430 de
2313 1395 2402 1446 qui-

1286 1439 1359 1476 bus
1389 1440 1581 1478 increduli
1612 1443 1749 1478 merito
1778 1451 2089 1494 conqueruntur.
2119 1446 2161 1482 Iu
2191 1445 2268 1484 sola
2285 1447 2401 1498 igitur

1291 1492 1466 1531 Ecclesia
1495 1503 1620 1532 nostra
1650 1508 1756 1532 verus
1788 1494 1854 1531 ille
1882 1495 2026 1534 divinae
2050 1497 2287 1536 revelationis
2309 1499 2399 1538 cha-

1290 1544 1412 1583 raster
1442 1546 1601 1584 habetur
1632 1548 1722 1597 (a).
1752 1547 1825 1584 Sed
1856 1548 1894 1585 id
1922 1549 2044 1586 obiter
2065 1550 2202 1589 modo.
2233 1551 2330 1590 Aliis
2359 1566 2399 1589 e-

1287 1600 1373 1636 nim
1417 1603 1649 1651 argumentis
1692 1602 1886 1653 operosius
1927 1602 2181 1642 demonstrare
2224 1606 2399 1656 aggredi-

1289 1664 1405 1700 mur,
1444 1654 1484 1690 in
1514 1652 1593 1691 sola
1623 1653 1795 1692 Ecclesia
1828 1653 2202 1695 Romano-catholica
2234 1654 2400 1710 Religio-

1290 1706 1346 1742 nis
1374 1720 1395 1742 a
1424 1705 1574 1744 Christo
1604 1708 1787 1745 institutae
1817 1722 1906 1746 vera
1937 1709 2185 1748 fundamenta
2215 1722 2399 1763 perpetuo

1289 1758 1403 1796 fuisse
1431 1771 1676 1808 conset-vata,
1705 1760 1739 1796 8<
1769 1760 1893 1799 adhuc
1923 1765 2139 1801 conservari
2157 1789 2167 1801 .

1343 1811 1382 1849 6.
1412 1811 1464 1850 Ut
1493 1826 1581 1850 vero
1611 1814 1647 1850 id
1679 1812 1856 1861 meliori,
1893 1828 1971 1865 quo
1999 1825 2145 1867 potest,
2174 1815 2309 1853 ordine
2337 1817 2397 1854 di-

1286 1877 1493 1915 sponatur,
1524 1875 1637 1903 totam
1669 1865 1768 1903 lianc
1798 1869 2001 1904 secundam
2032 1879 2179 1919 partein
2209 1869 2395 1908 bifariam

1284 1918 1531 1965 dividemus,
1576 1918 1610 1954 &
1641 1921 1767 1970 primo
1805 1919 2027 1958 methodum
2069 1922 2398 1962 Heterodoxorum

1286 1970 1542 2009 refutabimus
1573 1972 1611 2008 in
1641 1974 1905 2011 controversiis
1947 1974 2196 2023 definiendis,
2234 1990 2322 2027 quae
2353 1978 2398 2014 de

1284 2036 1375 2062 vera
1405 2023 1559 2062 Divinas
1592 2025 1830 2064 revelation-is
1861 2026 2113 2078 intelligentia
2142 2031 2395 2076 exoriuntur3

1284 2086 1366 2128 post
1395 2086 1522 2115 autem
1566 2078 1790 2116 methodum
1819 2079 2004 2117 Ecclesiae
2034 2080 2245 2119 Catliolicae
2289 2085 2395 2122 omni

1284 2139 1596 2180 argumentorum
1625 2145 1762 2182 genere
1792 2132 2135 2171 confirmabimus.
2173 2135 2311 2184 Operae
2342 2145 2396 2173 ta-

1284 2196 1374 2220 men
1405 2184 1571 2234 pretium
1601 2186 1696 2230 erit,
1727 2185 1766 2220 in
1796 2193 2034 2223 antecessum
2063 2187 2244 2223 disserere
2273 2188 2318 2224 de
2338 2188 2396 2225 di-

1283 2235 1408 2282 vinis,
1438 2236 1472 2271 8<
1504 2235 1730 2286 Apostolicis
1760 2237 2048 2285 traditionibus,
2077 2240 2303 2277 ostendendo
2333 2255 2393 2278 su-

1281 2300 1445 2339 pernam
1476 2288 1743 2325 revelationem
1766 2304 1787 2326 a
1810 2289 1890 2326 Deo
1909 2289 2132 2329 hominibus
2154 2291 2291 2330 faustam
2313 2307 2391 2333 non

1281 2343 1322 2378 in
1340 2339 1428 2378 solis
1449 2342 1647 2393 utriusque
1678 2342 1833 2379 foederis
1863 2341 1972 2380 libris
1993 2344 2293 2396 comprehendi,
2324 2347 2389 2385 sed

1279 2395 1395 2431 etiam
1424 2393 1519 2432 orali
1548 2395 1741 2438 traditioni
1771 2395 1887 2434 fuisse
1917 2398 2246 2446 commendatam,
2287 2398 2390 2450 ejus·

1281 2461 1357 2498 que
1397 2460 1469 2500 ope
1506 2448 1546 2486 in
1590 2447 1767 2487 Ecclesia
1809 2459 1995 2502 perpetuo
2037 2452 2287 2492 conservari.
2333 2451 2392 2491 Sit

1280 2501 1410 2553 itaque

1596 2600 2000 2646 DISSE'RTATIO
2037 2603 2072 2647 1.

1280 2711 1328 2750 In
1343 2725 1421 2764 qua
1442 2712 1743 2752 demonstratur
1771 2724 1912 2754 contra
1943 2715 2221 2755 Heterozioxos
2237 2747 2248 2767 ,
2276 2716 2386 2757 Dici-

1334 2780 1434 2805 nam
1465 2769 1744 2806 revelationem
1789 2782 1869 2806 non
1898 2771 2025 2808 solum
2056 2775 2094 2807 in
2126 2775 2255 2809 sacris
2283 2774 2384 2810 litte-

1331 2825 1409 2870 ris,
1430 2820 1501 2860 secl
1518 2826 1642 2860 etiam
1657 2824 1699 2859 in
1719 2821 1857 2860 <livinis
1872 2822 2146 2863 traditionibus
2162 2828 2381 2865 contineri.

1329 2905 1473 2972 H'aud
1503 2929 1630 2980 exigui
1667 2929 1876 2978 momenti,
1920 2938 1961 2968 ut
1989 2931 2116 2983 prima
2157 2931 2280 2971 fronte
2308 2931 2380 2970 ali-

1275 2982 1419 3032 quibus
1446 2981 1570 3021 videri
1599 2991 1744 3035 potest,
1785 2983 1856 3022 ista
1890 2986 2145 3023 controversia
2173 2995 2252 3032 est3
2296 2999 2379 3038 per-

2243 3052 2324 3078 ma-

1273 3129 1455 3153 merentur
1471 3143 1480 3161 ,
1505 3130 1583 3163 qun·
1608 3122 1724 3153 auctor·
1748 3121 1793 3154 (le
1818 3119 2004 3155 I‘hiseoire
2029 3123 2073 3156 de
2099 3124 2133 3156 Ia
2159 3126 2234 3162 oie,
2260 3121 2375 3155 &des

1273 3180 1411 3200 oezwres
1436 3168 1480 3200 (le
1516 3169 1550 3200 la
1587 3165 1880 3201 Mathe-Fenelrm
1919 3169 1952 3201 in
1982 3178 2011 3201 2.
2046 3167 2235 3203 Amstelod.
2272 3178 2371 3212 1717.

1274 3213 1315 3245 ‹le
1342 3225 1376 3245 se
1402 3214 1476 3257 ipso
1496 3222 1614 3247 narrat
1632 3224 1666 3258 p.
1689 3213 1765 3256 104.
1785 3218 1815 3247 ἃ
1836 3227 1906 3247 sw.
1924 3236 1932 3255 ‚
1959 3217 2043 3248 rec‘te
2063 3212 2266 3248 concludens
2281 3232 2292 3252 ‚
2317 3223 2374 3249 aue

1275 3259 1436 3294 Dei-‘tam
1461 3272 1536 3294 esse
1559 3267 1739 3303 oportere,
1762 3270 1821 3296 aut
1846 3261 2244 3296 Camolseo-Romanam.
