2564 3706
819 89 1070 137 NECESS.
1102 91 1303 141 RELIG.
1335 95 1674 144 SUPERNAT.

84 172 236 228 scirpus
254 179 308 213 est
323 202 335 222 ‚
362 170 455 211 dum
474 170 645 210 divinam
665 165 937 210 revelationem
963 184 1012 210 ex
1040 185 1086 210 eo
1103 173 1199 212 dun·

85 238 189 269 taxat
216 236 383 267 evertere
402 228 596 274 nituntur,
626 225 729 278 quod
759 238 830 263 nou
853 227 1012 274 omnia,
1041 240 1129 279 quae
1159 226 1199 266 in

83 296 132 322 os
158 282 416 327 continentur,
446 279 588 330 possint
617 279 772 317 omuino
799 280 999 330 perspicue
1016 307 1026 327 ,
1062 281 1199 325 nitide-⁴

88 348 166 390 que
186 334 232 371 ad
251 345 384 370 eorum
399 341 551 384 gustum
581 333 716 384 exponi
734 358 747 369 .
776 331 1043 385 Quaecumque
1070 341 1200 372 tamen

86 389 128 427 in
155 385 379 437 hujusmodi
410 384 523 422 rebus
551 384 789 437 explicandis
817 384 1022 424 difficultas
1049 388 1128 434 sit,
1154 401 1201 425 ea

84 448 187 479 certe
214 439 325 490 longe
352 436 480 477 minor
506 446 590 485 est,
628 451 705 490 qua
734 438 941 476 adversarii
970 440 1083 476 nostri
1113 453 1200 491 pre-

85 501 271 540 muntur,
319 490 413 529 dum
441 503 598 529 causam
628 489 826 530 horribilis
855 491 960 529 illius
1001 492 1202 544 perturba-

84 547 227 593 tionis,
271 542 306 581 ἃ
348 545 631 596 corruptionis,
678 557 765 596 quae
797 560 828 582 a·
846 545 997 582 nemine
1039 546 1202 596 negari,

84 608 151 638 aut
179 598 348 650 ignorari
369 607 516 649 potest,
546 596 682 635 afferre
699 607 912 649 coguntur.
942 596 1203 635 Nihilominus

83 652 252 704 singulas
277 649 445 702 objestas
458 648 704 689 difficultates
724 664 769 688 ex
789 649 1120 703 probabilioribus
1139 649 1203 689 Iu·

83 712 295 758 terpretum
321 704 511 742 sententiis
541 703 706 742 breviter
734 704 912 755 expedire
942 716 1124 741 conemur
1141 729 1152 740 .

145 769 233 796 ιοῐ.
261 756 310 795 Et
339 758 468 810 primo
487 757 644 810 quidem
673 757 822 795 nonnisi
849 757 919 802 iis,
946 757 1016 806 qui
1045 757 1202 807 spiritus

78 822 164 850 *esse
187 818 354 862 negant,
397 810 637 862 impossibile
663 810 844 855 videtur,
883 807 1098 846 daemonem
1123 820 1202 868 sert

84 865 212 918 pentis
238 876 380 915 organo
396 893 407 912 ,
436 863 485 902 ad
505 861 697 916 colloquia
717 875 808 899 cum
822 860 907 899 Eva
931 860 1130 920 miscenda
1145 871 1202 898 uti

83 918 250 972 potuisse
268 943 279 954 .
311 917 358 954 At
386 929 503 965 vero,
532 929 577 954 ne
604 915 718 953 modo
731 913 852 952 aliam
871 921 1126 965 quaestronem
1155 914 1201 951 de

81 969 281 1023 spiritibus
298 969 558 1021 ingrediamur
569 995 583 1015 ‚
598 966 800 1006 ostendant
812 965 1042 1013 adversarii,
1066 968 1101 1004 si
1119 979 1203 1018 pos-

82 1032 168 1064 sunt
185 1053 196 1072 ,
226 1023 379 1076 spiritus
392 1033 466 1059 non
488 1019 600 1058 modo
627 1032 704 1058 non
717 1018 905 1066 existere,
934 1018 997 1056 sed
1025 1032 1094 1057 uec
1118 1019 1203 1058 exi-

80 1085 179 1114 stere
209 1087 315 1128 posse
331 1089 343 1122 ;
373 1073 407 1110 &
422 1081 513 1111 tunc
533 1071 747 1111 confestum
767 1073 840 1110 erit
856 1101 868 1120 ‚
896 1071 1128 1110 incredibile
1147 1086 1203 1110 es-

77 1141 124 1169 se
142 1159 153 1178 ‚
182 1128 217 1166 ἃ
245 1125 512 1180 impossibile,
559 1125 663 1178 quod
692 1122 849 1178 Moyses
877 1124 922 1163 de
949 1124 1108 1164 diabolo
1135 1138 1205 1179 per

78 1189 294 1233 sermutem
322 1179 500 1233 loquente
516 1187 674 1217 narrat.
703 1177 822 1216 Porro
847 1177 890 1216 id
909 1191 1035 1232 neque
1064 1180 1205 1231 impos-

78 1233 196 1274 sibile
215 1262 226 1281 ‚
251 1245 378 1285 neque
407 1231 635 1271 incredibile
656 1232 823 1284 antiquis
851 1231 977 1270 visum
1007 1241 1086 1271 est.
1115 1232 1206 1285 spi-

78 1288 178 1326 ritus
205 1287 312 1325 enim
329 1298 394 1324 ore
413 1284 624 1326 bestiarum
640 1315 653 1334 ,
683 1284 743 1322 vel
772 1286 952 1323 inanium
981 1285 1206 1324 simulacro-

71 1351 171 1379 ·rum
197 1338 342 1378 locutos
361 1340 506 1392 saepius
534 1339 652 1378 fuisse
668 1368 679 1387 ‚
696 1351 843 1379 ‚eorum
859 1338 971 1377 multi
1000 1339 1111 1378 nobis
1125 1347 1203 1378 tra·

79 1393 287 1432 diderunt.
334 1393 460 1445 Atque
489 1401 529 1431 ut
570 1400 801 1444 praeteream
830 1393 979 1431 asinam
1006 1392 1168 1431 Balaam
1190 1423 1200 1441 ,

46 1445 194 1498 §cujus
220 1457 289 1484 ore
316 1444 506 1496 Angelum
534 1443 707 1483 locutum
734 1446 853 1484 fuisse
882 1445 1001 1484 Sacra
1029 1445 1202 1498 Scriptu-

83 1511 128 1538 ra
169 1507 328 1537 testatur
355 1495 482 1536 Num.
504 1497 635 1536 XXII.
663 1507 794 1536 notum
825 1506 876 1536 est
912 1498 1098 1537 ¹omnibus
1125 1500 1203 1537 dae-

83 1565 214 1591 mones
255 1551 351 1591 olim
377 1563 427 1590 ex
462 1552 583 1590 mutis
608 1551 830 1589 simulacris
870 1551 1027 1590 oracula
1061 1553 1204 1591 fudisse

78 1605 148 1656 (a)
166 1631 177 1644 .
207 1603 355 1643 Plinius
378 1607 499 1642 etiam
529 1606 545 1655 (
566 1603 658 1641 Lib.
678 1602 782 1641 V111.
813 1617 900 1655 cap.
921 1603 988 1649 41.
1018 1604 1033 1651 )
1065 1606 1202 1653 refert,

77 1672 124 1697 eo
148 1669 251 1697 anno
268 1686 279 1706 ,
326 1669 403 1709 quo
433 1655 677 1708 Tarquinius
705 1653 825 1694 Roma
850 1655 986 1708 pulsus
1009 1666 1099 1705 est,
1144 1657 1204 1696 la-

83 1719 200 1750 trasse
228 1717 470 1763 serpentem.
499 1708 559 1747 De
584 1707 720 1748 bestiis
748 1707 918 1747 humana
947 1721 1039 1748 voce
1067 1709 1204 1749 locutis

79 1764 200 1818 plura
239 1761 418 1815 exempla
458 1771 738 1801 ‘commemorat
779 1760 960 1800 Valerius
1005 1762 1203 1802 Maximus

80 1820 100 1870 (
129 1816 219 1856 Lib.
239 1817 272 1856 1.
300 1815 411 1854 titulo
439 1815 497 1854 de·
518 1814 738 1854 Miraculis
766 1815 811 1865 )‚
855 1815 889 1852 δε
917 1815 1063 1854 similia
1091 1816 1204 1868 plura

84 1869 190 1922 apud
209 1868 360 1907 Julium
380 1867 665 1921 Obsequentem
695 1870 939 1921 reperiuntur
968 1871 983 1919 (
1015 1870 1053 1907 in
1082 1870 1203 1908 Libro

78 1921 130 1960 de
157 1919 346 1974 prodigiis
372 1919 414 1969 .).
463 1920 554 1960 Vid.
578 1920 624 1959 S.
653 1921 889 1974 Augustinus
928 1921 1020 1961 Lib.
1041 1922 1113 1961 XI.
1155 1922 1204 1962 de

71 1974 235 2014 *Genesi
262 1973 319 2012 ad
347 1973 524 2012 litteram
548 1984 640 2026 cap.
663 1984 728 2026 29.
754 1972 875 2013 Tom-
896 1974 965 2013 111.
994 1973 1029 2010 δε
1055 1975 1098 2014 S.
1126 1975 1204 2030 Cy-

78 2026 196 2068 tillus
222 2026 314 2066 Lib.
334 2024 402 2065 111.
430 2034 573 2064 contra
599 2024 837 2066 Julianum.

140 2093 231 2122 102.
261 2079 374 2133 Κεφ.
395 2080 451 2121 ad
476 2091 521 2121 υ..
545 2078 703 2121 nullam
732 2089 826 2122 tunc
861 2079 982 2120 fuisse
1004 2093 1169 2123 causam
1187 2111 1202 2134 s

73 2238 241 2278 nodet-ni
266 2238 441 2276 increduli
465 2250 637 2277 renovare
663 2252 734 2277 non
758 2240 972 2278 erubescunt
991 2265 1000 2276 .
1044 2241 1200 2279 'Thomas

78 2287 254 2323 Bau-uetus
279 2289 317 2323 in
341 2289 584 2334 Archaeologia
601 2288 743 2333 philos.
771 2290 851 2324 Lib.
872 2291 913 2323 ΙΙ.
941 2301 971 2322 c.
993 2301 1026 2334 7.
1050 2290 1106 2324 his
1132 2291 1203 2325 dif-

79 2335 297 2369 ficultatibus
321 2343 438 2370 motus
462 2336 567 2381 vult,
592 2335 731 2369 Philoni
756 2335 907 2375 Judaeo,
943 2344 1049 2381 atque
1072 2338 1203 2383 Orige-

75 2381 118 2414 ’ni
143 2379 408 2423 inhaerendum,
434 2382 495 2426 qui
512 2381 590 2415 haec
614 2382 733 2415 munia
758 2381 946 2427 allegorice
974 2383 1200 2428 interpretati

77 2434 163 2460 sunt
178 2449 188 2458 .
209 2425 347 2461 Eadem
370 2426 491 2473 opinio
513 2428 583 2462 fuit
608 2427 723 2462 Balth.
749 2428 894 2463 Beckeri
920 2429 958 2462 in
987 2429 1200 2475 Mando—fa·

80 2475 218 2506 seinata
243 2473 322 2506 Lib.
339 2475 385 2506 n.
410 2485 488 2518 cap.
510 2485 565 2508 ιο.

123 2522 174 2557 (α)
197 2516 320 2563 Neque
345 2518 440 2551 enim
461 2527 574 2562 puto,
597 2519 687 2552 viris
702 2516 807 2553 doctis
829 2518 975 2564 probari
995 2531 1094 2565 posse
1118 2522 1196 2556 sin—

79 2564 242 2608 gularem
281 2564 427 2598 Antonii
471 2564 549 2598 Van
585 2563 701 2606 Dale,
737 2564 886 2609 ejusque
922 2568 1062 2599 asseclae
1104 2569 1196 2601 Fon-

77 2609 213 2643 tenelli'i
254 2609 464 2643 sententiam
479 2628 490 2650 ,
529 2611 649 2644 omnia
683 2608 888 2654 hujusmodi
928 2613 1070 2645 oracula
1107 2614 1196 2648 nihil

73 2655 184 2690 fuisse
210 2653 332 2696 aliud,
373 2666 481 2700 quam
505 2655 786 2690 sacrificulorum
823 2654 988 2697 fraudes,
1026 2658 1127 2692 Cont'.
1158 2661 1194 2694 P.

77 2701 204 2735 Balcus
242 2701 419 2745 Response
452 2705 474 2735 ἁ
512 2702 538 2736 Ρ
552 2701 704 2736 histoire
740 2704 804 2736 des
841 2703 988 2738 oracles
1023 2705 1068 2737 cle
1107 2702 1198 2741 Fon-

78 2749 237 2787 tanelle,
262 2750 304 2782 (θ’
327 2749 364 2782 la
390 2752 479 2782 saite
503 2749 549 2782 cte
574 2758 668 2783 cet-te
695 2760 860 2792 response
874 2763 889 2788 ‚·
931 2750 967 2783 P.
995 2749 1195 2787 Honoratus

82 2804 103 2827 a
129 2793 163 2826 S.
189 2793 306 2828 Maria
331 2794 367 2827 in
392 2794 542 2829 Dissert.
563 2797 613 2829 de
637 2799 786 2831 oraculis
799 2808 812 2837 5
846 2796 990 2830 Vossius
1015 2799 1059 2830 de
1086 2800 1200 2834 idolo-

81 2841 191 2874 latria
216 2839 295 2874 Lib.
314 2840 340 2873 1.
364 2851 396 2874 ο.
411 2841 446 2874 ὃ.
469 2845 503 2876 δι
529 2840 648 2876 Abbas
674 2840 716 2876 de
741 2843 880 2888 Artigni
907 2844 1093 2877 Noiweaux
1126 2857 1199 2881 me-

82 2889 211 2919 moires
235 2887 272 2920 (ι’
290 2886 466 2928 histoire,
490 2887 535 2922 cle
558 2891 706 2933 critique
726 2909 738 2930 ,
765 2893 806 2923 (9⁴
830 2891 875 2924 de
899 2891 1118 2925 litterature.

136 2933 230 2966 Sam.
255 2931 447 2968 Bochartus
463 2935 501 2968 in
523 2946 589 2970 suo
604 2936 814 2971 Heerezoico
841 2938 866 2970 Ι.
895 2936 931 2969 Ρ.
958 2938 997 2969 L.
1018 2938 1061 2970 ΙΙ.
1087 2950 1117 2972 c.
1137 2938 1194 2983 14.

83 2979 200 3012 multa
224 2989 266 3012 ex
294 2977 534 3024 Mythologis,
559 2984 592 3014 δι
611 2983 798 3016 Histoi-icis
818 2981 1025 3016 animalium
1051 2984 1196 3029 loquen-

82 3024 178 3058 tium
202 3025 364 3070 exempla
387 3023 486 3059 affert
505 3049 515 3058 .
551 3026 595 3061 R.
619 3029 717 3062 Isaac
740 3029 943 3063 Abarbanel
968 3029 1061 3064 hunc
1084 3031 1198 3066 dialo-

83 3079 170 3114 gum
209 3071 381 3116 serpentis
416 3082 499 3105 cum
522 3071 598 3107 Eva
632 3074 870 3120 metaphorice
903 3077 1052 3121 intelligi
1091 3078 1197 3120 vult,

85 3124 260 3159 qnatenus
287 3127 428 3162 serpens
445 3117 657 3154 comedendo
672 3122 822 3156 fructum
838 3143 850 3163 ‚
873 3123 959 3167 quin
977 3132 1173 3158 moreretur
1186 3146 1198 3166 ,

88 3161 178 3196 saffo
203 3165 278 3208 ipso
301 3165 472 3198 seminam
490 3167 664 3207 tentavit,
688 3170 722 3200 δι
745 3169 856 3203 movit
881 3169 926 3202 ad
952 3168 1042 3203 idem
1066 3172 1197 3205 facien-

88 3203 199 3241 dum.
225 3210 324 3244 Hanc
349 3210 489 3244 rabbini
508 3209 833 3256 interpretationem
858 3227 927 3249 non
940 3218 1084 3249 omnino
1110 3217 1195 3262 reji-

87 3254 138 3287 cit
162 3252 378 3290 doetissimus
406 3257 544 3290 Simeon
569 3258 664 3291 Mais
689 3259 725 3292 in
747 3271 812 3294 sno
835 3261 948 3303 libro,
984 3264 1039 3296 cni
1067 3264 1192 3297 titulus

87 3296 199 3337 Varia
223 3300 359 3344 Sacra,
395 3303 557 3349 inquiens
577 3316 587 3340 ι
629 3308 682 3340 ita
711 3305 974 3352 philosophatur
997 3309 1192 3346 Abarbanez

2268 113 2323 157 55

1265 191 1336 215 cur
1363 177 1445 216 Eva
1476 182 1659 231 serpentis
1697 182 1892 233 aspettum
1933 185 2241 239 exhorresceret,
2290 201 2382 231 cum

1262 229 1394 270 omnia
1413 232 1598 270 animalia
1616 263 1626 280 ,
1656 244 1859 286 antequam
1883 238 1995 277 homo
2016 242 2099 280 Deo
2129 243 2286 283 rebellis
2315 244 2382 283 fle<

1267 292 1345 333 ret,
1372 293 1490 323 essent
1519 284 1666 324 homini
1682 286 1795 338 plene
1824 290 1993 341 subjesta
2013 297 2198 345 (Consul.
2218 299 2260 337 S.
2277 297 2382 339 Tho-

1268 351 1348 376 mas
1378 337 1408 376 I.
1433 336 1479 378 P.
1508 349 1644 391 queest.
1665 339 1732 392 98.
1763 351 1833 379 art.
1860 355 1894 380 r.
1926 345 1968 391 ).
2017 347 2097 385 lmo
2124 362 2194 388 nec
2224 352 2385 401 desunt,

1265 393 1336 443 qui
1365 400 1494 443 putent
1524 402 1733 444 serpentem
1765 403 1856 433 tunc
1885 401 2065 449 temporis
2105 402 2218 441 fuisse
2246 407 2384 444 ceteris

1268 442 1399 482 bestiis
1430 442 1713 498 pulchriorem,
1762 445 1987 502 hominique
2017 455 2137 504 magis
2179 459 2382 505 amicum;

1271 494 1307 532 8<
1336 497 1407 535 hac
1435 499 1483 536 de
1510 511 1626 538 causa
1653 499 1738 551 ejus
1769 502 1919 553 potius,
1966 517 2085 556 quam
2114 504 2269 548 alterius
2297 513 2380 550 ani-

1272 549 1385 588 malis
1404 564 1544 603 organo
1563 552 1776 591 daemonem
1800 568 1910 594 usum
1933 557 2046 596 fuisse
2062 584 2072 596 .
2104 556 2237 599 videri
2266 572 2381 615 potest

1272 602 1313 640 S.
1344 604 1505 642 Basilius
1537 605 1652 645 Hom.
1682 605 1732 645 de
1761 607 1988 648 Paradtso.

1329 658 1417 695 105.
1449 656 1642 708 Majorem
1671 660 1935 701 difficultatem
1965 662 2103 713 habet,
2146 666 2249 720 quod
2276 668 2380 707 addi-

1268 715 1331 745 tur
1348 739 1357 757 ,
1389 709 1512 749 Evam
1543 724 1615 750 nou
1633 713 1747 752 fuisse
1766 717 1946 755 miratam
1977 717 2169 758 insolitam
2197 723 2385 775 serpentis

1270 760 1463 814 loquelam
1480 794 1491 812 ,
1521 774 1585 804 aut
1605 766 1759 806 fraudes
1777 770 1965 808 daeinonis
1995 785 2068 810 non
2083 772 2256 812 olfecisse
2272 801 2283 813 .
2312 774 2388 814 Sed

1271 815 1481 853 verisimile
1521 827 1603 866 est,
1657 820 1779 861 Evam
1822 831 1974 874 putasse
2003 825 2194 878 Angelum
2236 828 2383 867 bonum

1270 869 1454 918 serpentis
1481 882 1545 907 ore
1574 871 1707 923 quui3
1753 888 1879 928 neque
1908 877 2011 916 euim
2040 887 2129 919 tunc
2157 879 2318 920 insolens
2346 895 2385 920 e-

1268 928 1327 957 rat
1344 949 1355 967 ,
1387 921 1549 972 Angelos
1565 954 1576 972 ‚
1605 926 1684 962 imo
1705 928 1831 979 ipsum
1861 931 1975 969 etiam
1995 930 2124 972 Deum
2151 933 2326 974 sensibili
2346 949 2388 975 a-

1270 970 1380 1025 liqua
1409 974 1532 1013 forma
1562 981 1894 1030 protoparentibus
1922 986 2056 1023 uostris
2086 1000 2274 1040 apparere
2294 1019 2306 1037 ‚
2341 1001 2388 1028 ae

1273 1039 1364 1064 cum
1394 1027 1443 1065 iis
1481 1027 1681 1081 colloqui.
1729 1031 1838 1072 Unde
1868 1035 2130 1077 Tertullianus
2160 1043 2176 1092 (
2205 1040 2254 1079 de
2281 1054 2383 1092 proe-

1271 1083 1407 1132 script.
1438 1077 1632 1120 Hoeretz'c.
1661 1096 1748 1136 cap.
1771 1086 1836 1136 {47-
1866 1087 1882 1134 )
1909 1088 2031 1137 dicit,
2078 1090 2204 1130 Evam
2232 1108 2384 1144 serpeu-

1272 1134 1328 1181 ti,
1359 1134 1584 1187 quasifilco
1613 1135 1693 1174 Dei
1721 1136 1962 1190 credidisse,
2002 1140 2040 1179 ἃ
2067 1143 2165 1181 alibi
2242 1144 2388 1185 Adver-

1270 1199 1340 1224 sus
1372 1185 1532 1226 Valent.
1563 1203 1649 1242 cap.
1673 1203 1709 1228 2.
1740 1190 1755 1239 )
1785 1203 1997 1245 serpentem
2039 1205 2145 1235 vocat
2215 1202 2330 1237 iss'l'nae
2358 1205 2389 1238 i-

1275 1244 1454 1293 magmis
1495 1241 1756 1293 praedonem.
1803 1245 1844 1284 S.
1874 1256 2000 1286 autem
2031 1247 2202 1289 Thomas
2239 1253 2255 1303 (
2287 1253 2315 1290 1.
2346 1252 2387 1293 P.

1274 1308 1314 1345 q.
1335 1293 1402 1346 93.
1433 1304 1503 1334 art.
1524 1296 1563 1341 4.
1593 1297 1640 1334 ad
1674 1311 1708 1336 1.
1739 1298 1754 1347 )
1796 1297 1905 1338 docet
1942 1315 2036 1341 cum
2073 1303 2114 1341 S.
2144 1303 2356 1356 Augustino
2377 1336 2389 1356 ‚

1274 1348 1479 1386 mulierem
1510 1349 1626 1387 fuisse
1645 1350 1845 1404 deceptam
1874 1358 2056 1407 serpentis
2076 1355 2234 1410 loquela
2254 1388 2264 1408 ,
2295 1362 2388 1412 quia.

1269 1402 1378 1452 prius
1408 1411 1630 1453 peccaverat
1658 1414 1814 1454 peccato
1844 1407 2003 1446 internae
2033 1408 2233 1457 elationis;
2282 1411 2317 1449 ἃ
2347 1415 2388 1453 in

1271 1465 1372 1504 resp.
1400 1454 1449 1492 ad
1481 1468 1517 1492 2.
1547 1466 1696 1494 secutus
1732 1456 1997 1498 auctoritatem
2027 1461 2203 1514 Magistri
2240 1474 2387 1504 senten-

1268 1507 1411 1544 tiarum
1433 1537 1443 1553 ,
1474 1507 1592 1555 dicit,
1621 1518 1769 1560 putasse
1800 1509 2030 1561 mulierem,
2060 1525 2286 1565 serpentem
2316 1516 2387 1557 710⁴:

1272 1565 1475 1610 accepisse
1505 1560 1685 1611 loquendi
1714 1562 1890 1611 officium
1911 1595 1921 1613 ‚
1952 1579 2031 1604 non
2059 1580 2130 1618 per
2159 1579 2354 1609 naturam
2371 1600 2383 1622 ,

1271 1610 1342 1650 sed
1369 1613 1508 1663 aliqua
1535 1617 1831 1664 supernaturali
1857 1624 2088 1666 operatione
2116 1620 2172 1672 (b)
2191 1648 2203 1661 .

1332 1665 1418 1710 104.
1451 1665 1607 1705 Frustra
1635 1682 1725 1706 vero
1754 1668 1998 1719 maledictio,
2028 1673 2063 1710 ἃ
2093 1688 2206 1726 poeua
2235 1690 2385 1729 serpen·

1271 1718 1299 1755 ti
1330 1715 1475 1757 inflista
1493 1748 1503 1767 ‚
1532 1719 1594 1759 vel
1624 1730 1665 1758 ut
1694 1722 1859 1760 ridicula
1880 1752 1891 1770 ‚
1932 1724 1999 1762 *vel
2029 1736 2070 1765 ut
2097 1728 2241 1774 injusta
2269 1731 2388 1780 sugil-

1271 1770 1399 1810 latur.
1438 1770 1537 1810 Nam
1556 1802 1566 1820 ,
1595 1782 1638 1811 ut
1667 1770 1924 1814 Theodoretus
1953 1779 2043 1816 scite
2068 1775 2246 1820 ‘observat
2276 1785 2290 1832 (
2321 1778 2388 1821 In·

1268 1833 1462 1876 terrogat.
1486 1825 1551 1871 54.
1581 1826 1620 1864 in
1650 1826 1832 1866 Genesim
1863 1828 1909 1878 ),
1938 1842 2016 1870 non
2045 1833 2253 1886 incongrue
2282 1836 2385 1876 Deus

1270 1876 1371 1915 velle
1399 1880 1547 1929 potuit,
1575 1886 1618 1917 ut
1647 1881 1750 1932 quod
1771 1881 1945 1935 alioquin
1963 1888 2127 1937 serpenti
2155 1889 2329 1927 naturale
2347 1904 2387 1928 e-

1269 1939 1354 1979 rat,
1385 1932 1420 1969 ei
1452 1939 1580 1983 postea
1609 1943 1817 1973 verteretur
1846 1937 1886 1974 iu
1916 1951 2101 1990 poenam;
2129 1953 2202 1979 non
2230 1944 2388 1995 quidem

1270 1983 1320 2022 'ad
1350 1983 1526 2037 aliquam
1555 1986 1676 2038 ipsius
1705 1987 1945 2038 molestiam,
1982 1992 2046 2029 sed
2076 2002 2117 2031 ut
2146 1993 2316 2035 homines
2345 1998 2387 2035 id

1266 2036 1438 2075 videntes
1465 2039 1666 2091 originalis
1694 2041 1823 2094 culpae
1852 2045 2189 2085 reminiscerentur
2209 2072 2221 2086 -.
2278 2048 2388 2088 Unde

1264 2090 1386 2130 etiam
1413 2090 1488 2131 liae
1515 2093 1564 2131 de
1586 2106 1706 2134 causa
1732 2108 1886 2147 ser-pens
1905 2096 2055 2137 homini
2085 2102 2257 2139 maxime
2285 2102 2387 2142 invi-

2269 2166 2334 2195 811³

1270 2252 1359 2287 satis
1387 2252 1561 2287 subtiliter
1589 2266 1695 2296 sane,
1735 2265 1798 2289 nec
1822 2259 1965 2291 omnino.
1983 2255 2156 2300 absurde,
2194 2272 2267 2294 meo
2286 2258 2388 2309 fadi-

1269 2303 1345 2332 cio.
1382 2300 1490 2333 Nihil
1512 2303 1641 2341 affirmo
1684 2310 1821 2342 tamen,
1857 2316 1920 2336 nec
1945 2317 2048 2337 meum
2084 2314 2163 2339 est.
2207 2308 2241 2338 S.
2269 2316 2387 2342 tamen

1269 2346 1485 2388 Augustinus
1513 2347 1591 2379 Lib.
1615 2348 1676 2380 xl.
1701 2350 1745 2381 cle
1773 2348 1876 2382 Gent.
1901 2351 1946 2383 ad
1973 2353 2044 2384 litt.
2071 2362 2100 2384 c.
2121 2351 2177 2384 25.
2204 2350 2386 2388 diabolum

1270 2403 1351 2423 vere
1372 2403 1434 2436 per
1449 2401 1646 2438 serpentem
1666 2393 1772 2427 fuisse
1787 2395 1947 2429 locutum
1961 2397 2144 2431 existimat
2159 2420 2167 2430 .
2194 2399 2268 2433 Imo
2291 2412 2388 2435 com-

1272 2439 1389 2471 munis
1417 2438 1489 2472 liaec
1515 2447 1566 2472 est
1595 2440 1706 2473 Sem&-
1733 2441 1876 2475 Patr-nm
1903 2445 2096 2477 sententia.

1323 2485 1370 2524 (b)
1395 2484 1567 2530 [Iosephus
1606 2486 1748 2520 Flavius
1790 2488 1869 2522 Lib.
1889 2490 1915 2522 Ι.
1956 2490 2130 2534 Αηῑῐιμιίε.
2168 2490 2388 2526 Judaiearmn

1268 2541 1343 2574 cap.
1370 2540 1399 2563 ι.
1426 2543 1484 2564 nu.
1503 2530 1536 2573 4.
1564 2532 1758 2567 arbitratus
1779 2543 1833 2567 est
1850 2556 1861 2576 ,
1887 2541 1967 2568 ante
1987 2535 2112 2570 Adami
2139 2546 2322 2581 peccatum
2347 2550 2388 2573 o-

1264 2577 1362 2609 mnia
1389 2578 1557 2611 animalia
1583 2577 1742 2622 ejusdem
1766 2592 1847 2614 cum
1873 2580 2013 2615 homine
2041 2583 2186 2628 quuelae
2211 2591 2386 2618 ‘commer-

1262 2623 1358 2656 cium
1388 2621 1576 2664 habuisse5
1615 2635 1722 2668 quam
1747 2625 1905 2660 eamdem
1929 2629 2137 2662 sententiam
2163 2631 2275 2663 tenuit
2302 2631 2381 2665 Pia-

1264 2674 1302 2701 to
1328 2669 1361 2701 in
1384 2668 1571 2703 Potin-ces.
1600 2671 1748 2705 Necesse
1767 2684 1850 2706 vero
1875 2684 1943 2707 non
1968 2683 2018 2707 est
2034 2674 2075 2707 ad
2100 2674 2174 2709 haec
2199 2687 2378 2711 commen·

1265 2723 1300 2749 ta
1326 2717 1540 2760 confugere,
1568 2726 1649 2749 cum
1675 2718 1777 2768 (acilo
1806 2728 1860 2753 res
1878 2728 1951 2753 tota
1977 2716 2182 2765 expediatur
2198 2743 2209 2762 ‚
2233 2722 2380 2758 dicendo

1266 2772 1347 2794 cum
1375 2763 1408 2795 S.
1438 2763 1639 2806 Augustino
1664 2765 1742 2798 Lib.
1764 2765 1826 2798 xl.
1852 2767 1895 2798 de
1923 2766 2026 2800 Gent.
2051 2769 2097 2800 ad
2120 2769 2197 2802 litt.
2227 2780 2304 2816 cap.
2325 2772 2381 2806 28.

1261 2805 1448 2841 diabolum
1488 2810 1597 2841 fuisse
1632 2819 1695 2853 per
1731 2819 1927 2855 serpentem
1966 2813 2148 2855 Iocutum5
2189 2815 2250 2848 ubi
2274 2817 2384 2851 etiam

1266 2854 1377 2886 sanet.
1404 2854 1510 2887 Pater
1550 2853 1734 2890 diabolicae
1770 2858 1896 2891 virtuti
1922 2856 2091 2893 adscribit
2130 2862 2385 2897 incantationes

1265 2908 1467 2944 serpentum
1487 2921 1498 2942 ‚
1522 2902 1583 2945 qui
1610 2902 1721 2946 magis
1737 2903 1867 2936 moveri
1888 2905 1999 2938 solent
2019 2904 2239 2940 carminibus
2265 2910 2386 2944 incan-

1264 2952 1419 2980 tatorum
1436 2968 1446 2986 ‚
1474 2958 1581 2992 quain
1607 2947 1720 2980 ullum
1746 2947 1842 2982 aliud
1861 2960 1968 2994 genus
1993 2952 2253 2996 anirnantiuin5
2280 2966 2384 3001 atque

1263 2991 1312 3024 ita
1341 2991 1457 3026 subdit
1475 3006 1486 3025 t
1514 2997 1617 3026 etiam
1643 2994 1710 3027 haec
1735 3007 1801 3028 non
1823 3004 1927 3039 parva
1953 3003 2098 3032 testatio
2123 3009 2179 3034 est
2195 3020 2206 3041 ‚
2233 3011 2384 3036 naturam

1263 3041 1424 3080 primitus
1463 3040 1637 3073 humanam
1676 3046 1849 3084 serpentis·
1875 3045 2042 3078 sedunam
2084 3056 2162 3080 ‘esse
2186 3051 2356 3092 colloquio
2375 3070 2382 3079 -

1267 3083 1427 3118 Gaudent
1462 3089 1553 3118 enim
1585 3086 1776 3128 damone-s,
1816 3089 1904 3123 hanc
1940 3093 2009 3125 sibi
2045 3101 2251 3137 potestatem
2274 3097 2379 3132 dari,

1264 3138 1300 3162 ut
1315 3132 1361 3164 ad
1377 3135 1645 3166 incantationem
1662 3133 1831 3168 hominnm
1850 3147 2028 3181 ser-pentes
2046 3149 2196 3173 moveant
2211 3163 2221 3180 ,
2248 3149 2282 3173 ut
2298 3151 2378 3183 quo-

1263 3178 1350 3210 libet
1375 3180 1471 3211 modo
1488 3178 1648 3221 fallant,
1675 3193 1755 3226 quos
1780 3193 1945 3225 possim-t.
1970 3184 2049 3218 Hoc
2071 3195 2180 3219 autem
2202 3187 2374 3228 permitti-

1261 3230 1315 3256 tar
1330 3245 1340 3263 ,
1365 3225 1412 3257 ad
1434 3229 1538 3268 primi
1555 3227 1648 3270 sal'h'
1666 3233 1858 3262 memoriam
1881 3233 2175 3266 commendandam
2187 3255 2199 3273 ,
2225 3233 2313 3275 quod
2330 3233 2381 3265 5⁸⁶0

1262 3277 1316 3304 est
1342 3272 1488 3315 qaaedam
1512 3284 1586 3306 cnm
1612 3271 1676 3308 hoc
1699 3287 1825 3320 genere
1840 3276 2098 3321 saaetzili'arftae·
