2564 3706
931 128 1012 175 DE
1046 129 1267 177 REVEL.
1298 130 1357 175 N.
1390 129 1444 174 Τ.

117 209 214 251 181..
233 207 349 258 Quot}
374 214 501 247 autem
536 206 644 247 tertio
671 205 755 247 loco
783 207 936 248 additur
957 240 967 259 ,
1011 225 1161 251 merum

56 274 110 303 est
138 263 358 316 sophisma,
399 263 462 300 cni
491 261 731 300 dissolvendo
759 264 847 301 satis
875 265 920 301 sit
948 265 1162 303 considera-

57 330 128 365 re,
155 325 233 354 tam
262 327 356 364 nos,
385 316 453 367 qui
482 315 532 353 ab
555 315 818 367 Apostolorum
848 329 932 355 aevo
952 319 1161 370 septemde-

56 371 136 408 cim
163 366 318 406 saeculis
343 367 554 414 distamus,
596 382 712 420 quam
744 370 857 417 illos,
887 373 955 422 qui
986 373 1161 422 proxime

55 420 135 460 iilis
162 429 443 469 successerunt,
471 420 606 458 eodem
635 422 746 459 modo
765 425 794 461 A
813 424 975 471 ›ostolis‚
1006 424 1163 462 testibus

53 472 213 512 oculatis
231 473 407 521 credere,
436 486 527 511 cum
549 474 735 512 miracula
753 505 763 523 ,
793 439 827 511 8(
849 478 1031 514 vaticinia
1050 476 1161 514 Chri-

53 527 101 565 sti
130 526 350 565 credimus.
394 526 516 565 Iidem
543 537 629 564 sunt
660 527 751 565 libri
781 530 906 577 sacri,
949 531 989 567 in
1019 530 1162 581 quibus

54 578 191 618 fideles
216 579 266 617 ΙΙ.
294 578 425 618 saeculi
469 578 554 617 haec
584 580 784 631 legebant,
827 596 915 633 quac
945 596 1008 620 nos
1051 582 1162 620 hodie

57 630 242 683 legimus:
271 646 344 671 nec
372 631 520 683 majora
550 632 608 670 illi
640 633 854 672 habuerunt
883 648 961 673 snae
993 634 1082 672 fidei
1103 648 1163 673 ar-

52 694 234 737 gumenta
251 715 262 733 ,
291 698 411 738 quam
440 698 508 723 nos
535 684 745 724 habemns.

118 737 206 776 182.
236 738 369 790 Neque
399 752 532 776 verum
554 748 631 787 est,
661 740 764 791 quod
795 741 832 777 in
853 748 1076 790 argumento
1093 737 1164 776 fal-

51 789 188 828 laciter
213 791 469 844 supponitur,
498 805 560 830 eos
581 822 592 840 ,
620 796 689 844 qui
711 793 773 830 111.
803 792 989 830 Ecclesiae
1020 791 1162 829 saecuto

52 842 290 892 floruerunt,
333 844 515 883 duntaxat
543 845 593 883 ab
621 845 863 883 auditoribus
892 843 1160 896 Apostolorum

49 896 192 935 Christi
222 898 440 946 miracula,
471 897 505 934 δε
535 898 715 936 vaticinia
744 897 956 935 audivisse:
986 898 1160 934 omnium

50 950 161 988 enim
180 952 417 1003 sequentium
445 949 674 989 saeculorum
694 949 924 996 Christiani,
953 949 1021 1000 qui
1051 957 1160 997 sunt,

48 1002 231 1050 fuerunt,
261 1003 322 1042 vel
352 1012 489 1049 eruut,
518 1001 569 1039 ab
599 1002 692 1052 ipsis
722 1001 910 1052 Apostolis
939 1002 1162 1039 immediate

49 1056 315 1095 testimonium
339 1056 562 1107 accipiunt;
603 1052 750 1091 scilicet
778 1053 829 1092 ab
858 1066 989 1091 eorum
1019 1053 1159 1102 libris,

51 1110 123 1160 qui
164 1109 375 1161 incorrupti
418 1106 612 1159 usquead
649 1118 713 1144 nos
756 1116 1039 1158 pervenerunt.
1083 1107 1160 1145 Hos

50 1172 180 1200 autem
210 1161 330 1199 libros
357 1170 445 1198 vere
483 1160 600 1197 fuisse
628 1159 680 1197 ab
710 1159 923 1211 Apostoiis,
958 1159 1018 1199 vel
1048 1159 1160 1199 Chri-

46 1215 92 1250 sti
121 1211 321 1266 discipulis
348 1213 580 1264 conscriptos
596 1242 608 1261 ,
638 1212 733 1250 adeo
760 1214 940 1251 constanti
961 1213 1161 1252 traditione

46 1264 196 1318 liquet,
226 1275 267 1304 ut
296 1265 394 1304 nihil
425 1267 564 1304 certius
594 1267 633 1304 iu
665 1265 820 1303 historia
850 1265 984 1304 haberi
1015 1268 1129 1318 possit
1147 1293 1158 1305 .

47 1317 183 1372 Neque
209 1320 313 1358 enim
345 1319 530 1367 Homeri,
559 1328 624 1357 aut
653 1317 833 1372 Virgilii,
863 1319 1159 1368 Demosthenis,

48 1381 116 1410 aut
146 1371 298 1420 Tullii,
328 1371 622 1424 Xenophontis,
652 1382 717 1410 aut
746 1373 851 1410 Livii
881 1374 1023 1425 saepius
1053 1386 1158 1410 men-

46 1426 188 1463 tionem
218 1426 364 1463 factam·
387 1426 494 1464 omni
523 1439 607 1463 aevo
649 1426 888 1464 inveniemus
908 1456 922 1474 ‚
958 1440 1076 1478 quam
1108 1425 1159 1463 E-

49 1477 344 1529 vangeliorum,
381 1487 671 1531 ceterorumque
718 1491 914 1516 sacrorum
957 1481 1159 1517 codicum:

48 1529 143 1568 adeo
172 1540 213 1568 ut
241 1533 309 1583 qui
338 1544 400 1569 eos
428 1531 645 1582 confingere
672 1531 807 1584 aliquo
827 1541 997 1584 tempore
1016 1531 1159 1571 voluis-

49 1593 129 1631 set,
160 1584 199 1622 id
228 1585 354 1622 facere
383 1598 457 1623 non
487 1583 597 1622 aliter
627 1586 832 1636 potuisset,
879 1598 999 1637 quam
1028 1598 1159 1622 corru-

52 1637 156 1688 ptis,
199 1639 417 1690 vitiatisque
445 1637 627 1674 omnibus
654 1638 811 1675 omnino
854 1637 1161 1688 praecedentibus

52 1688 240 1728 Ecclesiae
280 1691 562 1728 monumentis.
603 1689 678 1728 Sed
714 1688 787 1728 hae
833 1689 880 1726 de
923 1703 963 1728 re
1006 1690 1162 1728 uberius

51 1742 156 1781 infra
182 1743 471 1795 disputabimus
499 1741 586 1792 (a).

112 1795 201 1834 183.
230 1796 340 1848 Oin.
359 1809 396 1834 2.
427 1795 692 1834 Tertullianus
708 1797 746 1834 in
764 1795 836 1834 lib.
852 1796 919 1835 ΙΙΙ.
939 1795 1030 1834 adv.
1047 1794 1166 1834 Mir-

52 1850 214 1892 cionem
242 1862 330 1900 cap.
351 1849 390 1887 5.
409 1851 568 1887 omnino
594 1859 725 1901 negat,
756 1863 861 1902 posse
890 1862 935 1887 ex
965 1849 1164 1888 miraculis

49 1900 193 1939 Christi
224 1900 362 1939 efficax
405 1915 474 1953 pro
501 1911 640 1940 uostrae
679 1903 874 1953 religionis
918 1904 1074 1940 veritate
1102 1915 1164 1940 ar-

53 1963 278 2005 gumentum
315 1955 487 2003 deduci,
528 1957 651 2006 quia,
689 1956 840 2006 inquit,
883 1956 963 2006 ipse
991 1955 1163 1992 Christus

49 2005 239 2055 edicens,
267 2007 413 2044 multos
440 2016 622 2045 venturos
649 2006 701 2047 <9-
728 2011 853 2058 signa·
864 2006 1081 2057 jaffluros,
1109 2008 1160 2048 <9⁶

49 2063 213 2099 virtutes
253 2072 432 2113 mag-nas
477 2058 652 2098 edituros
666 2086 678 2098 .
695 2085 706 2097 .
722 2084 735 2098 .
751 2086 763 2098 .
782 2072 858 2097 nec
887 2058 974 2098 ideo
1018 2069 1163 2098 tamen

49 2111 344 2162 admittendos,
385 2116 654 2156 temera-riam
689 2116 925 2166 signorum,
966 2114 1018 2154 <90
1045 2118 1162 2151 virtu-

48 2175 135 2204 tum
151 2165 287 2220 ficiem
316 2166 516 2215 ostendit,
552 2176 597 2204 ut
623 2170 751 2204 etiam
777 2165 886 2216 apud
914 2166 1162 2217 pseudochri-

48 2228 130 2258 stos
145 2218 476 2271 facillimarum.
519 2221 600 2258 Aut
627 2220 749 2270 quale
774 2228 834 2256 est
861 2222 895 2256 si
923 2218 1017 2256 inde
1045 2220 1162 2256 voluit

48 2271 243 2326 probari,
282 2274 337 2315 (9·
360 2274 553 2325 intelligi,
595 2272 646 2313 (θ’
675 2275 823 2322 recipi,
870 2284 924 2309 ex
961 2272 1162 2310 virtutibus

49 2323 138 2364 dico
153 2341 169 2371 ,·
209 2326 316 2365 unde
343 2336 493 2365 ceteros
519 2325 664 2374 noluit,
705 2338 820 2376 oeque
847 2325 897 2366 (9¹
927 2329 1032 2373 ipsos
1075 2335 1163 2364 tam

50 2378 186 2470 ἑςιιιιῖιὶεο·
220 2389 403 2456 νξηευνοε
420 2410 432 2430 ,
479 2391 603 2432 quam
637 2391 667 2417 a.
702 2379 814 2417 nullo
850 2377 1014 2418 auctore
1058 2392 1164 2432 prce-

86 2435 210 2470 'catos
228 2460 238 2468 .
259 2434 264 2439 '

100 2603 153 2639 (a)
182 2598 263 2633 Non
288 2606 398 2644 puto,
424 2598 644 2635 adversarios
669 2611 737 2635 non
762 2606 1013 2645 provocaturos
1039 2599 1081 2633 ad
1106 2599 1166 2634 de-

53 2646 137 2680 liria
163 2644 364 2685 Hardnini,
387 2646 449 2689 qui
476 2647 512 2679 in
536 2658 664 2691 opere,
690 2649 745 2680 cui
774 2647 900 2680 titulus
926 2647 1169 2691 Chronologiae

51 2704 96 2726 ex
121 2695 260 2725 nummis
283 2695 437 2736 antiquis
461 2697 658 2736 prostitutae
677 2696 831 2737 prolusio
847 2714 859 2734 ,
884 2705 952 2726 non
979 2694 1092 2727 solum
1110 2705 1166 2727 sa-

51 2749 129 2772 cros
147 2759 159 2778 ‚
182 2736 241 2770 sed
265 2738 372 2770 etiam
396 2740 560 2783 profanos
584 2740 776 2784 scriptores
791 2761 802 2780 ‚
838 2740 959 2784 paucis
985 2740 1139 2784 exceptis
1154 2761 1165 2780 ,

53 2783 274 2829 apocryphos
299 2795 372 2816 esse
398 2786 531 2826 voluit,
557 2789 589 2819 δε
608 2787 652 2820 ab
671 2787 778 2831 impia
797 2785 949 2830 quadarn
968 2798 1046 2820 saec·
1068 2787 1164 2819 ΧΙΙΙ.

55 2832 143 2863 sea-t
170 2829 347 2863 υοηῆἂος.
390 2830 456 2863 sed
481 2833 644 2876 quisnam
668 2840 752 2872 vtam
788 2831 973 2877 paradoxae
1008 2832 1165 2876 opinioni

54 2876 234 2908 calculum
260 2874 414 2920 adjecit?
439 2877 526 2921 Quis
551 2889 620 2911 non
645 2886 723 2912 eam
741 2887 925 2912 execratus
944 2879 1023 2912 est?
1051 2877 1167 2911 Nimis

53 2921 198 2965 longum
224 2930 314 2954 esset
339 2933 460 2956 eornm
486 2925 682 2969 catalogum
709 2925 906 2965 conficere,
940 2926 999 2969 qui
1026 2925 1168 2958 temeri-

52 2976 164 3001 tatem
193 2966 364 3000 Harcinini
391 2969 632 3014 castigarum.
670 2972 770 3005 Hanc
796 2983 981 3005 erroneam
1006 2982 1104 3004 snam
1129 2983 1168 3003 o-

55 3013 234 3058 pinionem
254 3013 456 3047 Hardninus
481 3015 658 3060 ejuravit3
683 3017 741 3051 sed
760 3030 828 3052 non
844 3019 893 3051 ita
912 3016 1048 3062 pridem
1063 3039 1073 3058 ,
1099 3017 1168 3050 sci-

19 3067 23 3070 ’
56 3060 141 3092 licet
177 3072 268 3093 anno
299 3060 403 3102 1766.
442 3060 572 3104 prodiit
598 3062 748 3097 Londini
778 3065 870 3098 liber
903 3076 983 3098 cnm
1020 3064 1083 3097 hoc
1123 3062 1167 3096 ti-

57 3104 157 3137 tulo=
198 3105 254 3138 Jo.
286 3106 461 3141 Hurduini
488 3106 632 3140 Jesm'tae
669 3111 716 3142 ad
750 3122 927 3144 censuram
962 3115 1167 3153 scriptorum

58 3159 206 3200 veterum
239 3151 481 3197 prolegomena
508 3155 613 3200 juxta
644 3157 886 3200 autographum
907 3180 919 3198 ,
959 3156 1049 3202 quoti
1089 3164 1165 3201 post

59 3208 138 3240 ejus
165 3206 313 3232 mortem
340 3200 376 3233 in
400 3199 476 3244 ejus
504 3200 645 3245 scriptis
681 3211 858 3247 repertum
884 3204 1017 3244 fuisse,
1052 3201 1166 3236 editor

58 3250 211 3276 testatur
230 3265 239 3274 .

89 3290 156 3327 -(b)
182 3286 317 3323 Eadem*
340 3291 410 3324 fere
438 3293 572 3326 ratione
593 3293 627 3326 S.
647 3294 863 3338 Augustinus
883 3295 919 3328 in
944 3296 1009 3330 fine
1028 3295 1164 3340 epistol.

62 3334 142 3370 1382
157 3355 169 3375 ,
194 3345 378 3381 postquam
401 3336 547 3373 dixisset
561 3361 572 3380 ‚
598 3340 752 3373 multum
771 3351 888 3375 errare
902 3362 914 3382 ,
939 3346 993 3385 qui
1015 3341 1166 3386 Prophe-

2197 153 2275 184 ut

1289 209 1378 258 184.
1409 208 1520 263 Resp.
1551 208 1832 252 Tertullianum
1854 245 1864 263 ‚
1903 223 1944 253 ut
1973 216 2212 257 Marcionem
2244 220 2340 259 faci-

1230 262 1333 311 lius,
1365 263 1398 299 8<
1426 263 1581 301 brevius
1613 264 1825 313 refelleret,
1856 268 1979 307 solum
2012 272 2136 320 velle,
2168 274 2335 311 miracu-

1229 316 1268 356 la
1295 317 1436 355 Christi
1464 330 1509 354 eo
1536 330 1614 354 esse
1643 316 1860 356 efficaciora
1889 322 1936 357 ad
1973 324 2209 372 probandam
2239 326 2338 365 divi-

1230 383 1320 408 nam
1349 369 1433 422 ejus
1461 371 1679 408 missionem
1697 399 1707 417 ,
1738 370 1770 406 8(
1792 372 2001 409 doctrinam
2022 403 2031 420 ,
2062 389 2137 426 quo
2166 378 2199 413 &
2231 381 2312 430 ipsa
2330 409 2341 429 ,

1230 423 1264 459 8t
1293 431 1416 461 cetera
1444 425 1574 461 omnia
1602 422 1775 474 ejusdem
1804 433 1906 474 gesta
1938 425 2086 463 fuerant
2107 428 2186 478 jam
2207 446 2226 467 a
2249 431 2337 469 l'ro-

1230 475 1354 527 phetis
1385 478 1673 528 praenunciata3
1719 477 1817 515 unde
1848 477 2066 515 immediate
2096 490 2203 520 antea
2232 484 2338 521 dixe-

1229 540 1309 567 rat:
1356 539 1400 566 at
1428 543 1501 582 ego
1531 527 1709 582 negabo,
1754 530 1884 570 solam
1923 529 2028 568 hunc
2072 532 2127 568 illi
2167 539 2340 583 spectem

1231 584 1407 634 (nempe
1436 584 1661 630 miracula)
1691 581 1748 620 ad
1776 587 2050 625 testimonium
2079 591 2312 635 competisse
2324 603 2347 632 ,κ

1231 636 1454 673 contendens
1503 637 1692 674 nimirum
1735 637 1933 675 miraculis
1976 637 2236 690 adpingentlas
2265 655 2341 678 esse

1231 696 1373 725 veteres
1402 688 1447 725 de
1475 688 1625 727 Christo
1668 689 1913 741 prophetias.
1961 690 2194 730 Tertulliani
2238 689 2342 731 enim

1234 752 1369 790 scopus
1399 751 1503 788 erat,
1534 741 1774 780 Marcionem
1803 744 2032 782 convincere
2061 744 2255 783 Christum
2286 761 2343 785 es-

1231 803 1268 828 se
1299 791 1445 829 Filium
1478 794 1548 831 Dei
1579 796 1794 841 Creatoris3
1832 797 1933 849 quod
1964 796 2226 837 efficacissime
2256 813 2344 850 pro-

1228 843 1293 880 bat
1322 857 1366 880 ex
1390 845 1622 896 propheticis
1644 847 1692 886 V.
1713 848 1762 886 T.
1783 851 2003 901 scripturis,
2033 853 2232 904 praecipue
2252 867 2339 906 cap.

1235 909 1295 933 12.
1326 895 1359 932 8(
1389 911 1468 949 seq.
1499 899 1595 936 Haec
1624 910 1747 939 tamen
1777 902 2010 941 Tertulliani
2054 907 2237 944 sententia
2268 908 2341 944 mi·-

1229 949 1333 986 nime
1353 951 1542 1001 impedit,
1573 955 1667 1004 quin
1698 956 1812 992 etiam
1834 967 1878 992 ex
1901 956 2100 995 miraculis
2119 957 2208 996 solis
2226 958 2340 998 Chri-

1228 1002 1273 1038 sti
1305 1001 1465 1040 Domini
1507 1003 1644 1041 efficax
1687 1006 1774 1044 duci
1806 1010 1921 1057 possit
1963 1021 2231 1061 argumentum
2274 1026 2343 1064 pro

1226 1054 1360 1092 divina
1390 1056 1510 1107 ipsius
1538 1057 1710 1094 doctrina
1740 1060 2025 1110 comprobanda
2043 1087 2053 1098 .
2096 1062 2229 1116 Neque
2257 1064 2342 1103 offi-

1227 1107 1280 1146 cit
1309 1109 1466 1160 antiqua
1495 1109 1708 1146 similitudo
1725 1110 1906 1147 falsorum
1937 1114 2221 1164 prodigiorum,
2251 1131 2342 1169 quae

1229 1175 1251 1197 a
1282 1161 1620 1214 pseudoprophetis
1663 1163 1847 1214 patranda
1890 1177 1966 1201 esse
1994 1165 2167 1204 Christus
2197 1171 2344 1219 praedi-

1229 1215 1311 1261 xit,
1341 1227 1432 1252 cum
1462 1225 1560 1253 notae
1578 1245 1588 1263 ,
1620 1214 1653 1251 8<
1674 1215 1912 1254 characteres
1941 1228 2169 1269 suppetant,
2199 1221 2344 1272 quibus

1228 1280 1320 1304 vera
1358 1267 1547 1306 miracula
1576 1283 1599 1306 a
1629 1267 1734 1306 falsis
1776 1269 1963 1307 daemonis
1995 1273 2197 1323 praestigiis
2235 1283 2344 1311 cante

1224 1333 1469 1357 secernamus
1498 1320 1555 1371 (b)
1574 1347 1584 1358 .
1623 1325 1638 1372 (
1671 1320 1762 1360 Vid.
1792 1336 1882 1374 quae
1912 1337 2028 1375 supra
2055 1325 2227 1365 diximus
2256 1326 2345 1365 Dis-

1227 1382 1313 1410 sert.
1336 1373 1385 1410 ΙΙ.
1415 1387 1454 1410 u.
1479 1373 1570 1418 224.
1600 1373 1634 1410 8(
1663 1388 1742 1426 seq.
1775 1375 1819 1423 ).

1289 1424 1377 1463 185.
1407 1425 1500 1477 Obj.
1531 1427 1569 1464 5.
1616 1428 1644 1464 Α
1676 1427 1838 1465 ollonius
1867 1427 2062 1479 Tyanaeus
2105 1443 2178 1468 non
2216 1434 2347 1471 minus

1228 1476 1388 1516 illustris
1407 1479 1476 1516 fuit
1498 1442 1710 1527 miraculis,
1731 1494 1847 1532 quam
1864 1481 2036 1519 Christus
2051 1482 2177 1529 Jesns3
2207 1499 2345 1536 quam-

1227 1531 1360 1569 obrem
1409 1531 1605 1569 Hierocles
1641 1533 1792 1584 AEgypti
1829 1534 2032 1584 praefectus
2068 1549 2154 1573 eum
2193 1538 2344 1576 Christo

1228 1585 1496 1636 aequiparabat
1512 1586 1569 1636 (c)
1593 1611 1603 1623 .
1633 1585 1730 1636 Ejus
1758 1587 1874 1623 vitam
1907 1588 2089 1638 prodigiis
2118 1589 2271 1640 plenam
2302 1605 2342 1628 o-

1229 1646 1288 1674 cto
1316 1637 1428 1674 libris
1455 1638 1680 1689 complexus
1708 1648 1760 1676 est
1792 1638 2036 1678 Philostratus
2065 1641 2127 1690 (d)
2145 1671 2155 1687 ,
2200 1643 2234 1679 8(
2265 1653 2345 1695 post

1229 1704 1318 1726 eum
1350 1690 1638 1738 Nicomachus,
1682 1691 1890 1729 Thraicius
1919 1692 2194 1743 Victorianus,
2236 1696 2347 1735 Sido-

1233 1744 1318 1781 nius
1340 1743 1598 1794 Apollinaris,
1629 1744 1663 1780 8<
1691 1744 1850 1796 quidam
1881 1744 2121 1794 Sothericus,
2151 1757 2239 1785 teste
2259 1749 2348 1786 Sui-

1232 1796 1308 1834 da.
1352 1796 1475 1834 Tanta
1505 1796 1785 1834 miraculorum
1815 1798 1928 1848 copia
1958 1796 1991 1833 8(
2022 1800 2110 1836 vitae
2140 1803 2347 1839 sanctirum

1233 1850 1297 1887 nia
1326 1862 1364 1886 se
1392 1849 1703 1897 commendavit,
1744 1858 1784 1886 ut
1813 1850 1964 1888 divinos
2007 1850 2167 1890 honores
2197 1867 2347 1905 prome=

1231 1903 1324 1939 ritus
1352 1903 1427 1949 sit,
1457 1915 1532 1940 non
1564 1901 1691 1939 solum
1711 1918 1732 1940 a
1753 1902 2050 1954 Tyanensibus,
2081 1914 2121 1942 ut
2142 1905 2348 1946 Philostra-

1231 1962 1290 1991 tus
1319 1963 1472 1992 testatur
1500 1955 1589 1993 Lib.
1613 1955 1642 1993 l.
1672 1970 1758 2006 cap·
1780 1955 1847 2003 4.,
1890 1956 1953 1993 sed
1983 1958 2100 1995 etiam
2141 1959 2192 1996 ab
2222 1960 2348 2013 impe-

1227 2007 1418 2044 ratoribus
1436 2008 1627 2056 Adriano,
1657 2007 1697 2044 δι’
1722 2008 1916 2047 Antonino
1942 2010 2144 2049 Caracalla
2175 2015 2189 2063 (
2220 2022 2260 2050 ut
2291 2027 2347 2051 re-

1229 2060 1300 2097 fert
1330 2060 1406 2098 Dio
1433 2062 1588 2099 Cassius
1616 2062 1707 2099 Lib.
1732 2075 1796 2112 77.
1828 2062 1871 2109 );
1915 2071 1996 2099 tum
2033 2065 2149 2101 etiam
2178 2065 2228 2102 ab
2258 2066 2349 2104 Ale-

1228 2114 1402 2161 mindi-0,
1446 2115 1515 2164 qui
1547 2123 1757 2165 postremus
1801 2113 1975 2164 ejusdem
2020 2116 2230 2166 imaginem
2269 2131 2346 2158 una.

1230 2179 1321 2203 cum
1352 2167 1523 2216 imagine
1551 2167 1641 2204 Jesu
1665 2167 1805 2204 Christi
1837 2168 1876 2204 in
1905 2179 1973 2204 suo
2002 2165 2143 2206 larario
2171 2169 2343 2220 colebat,

1228 2219 1260 2256 si
1289 2231 1378 2256 vera
1409 2228 1536 2256 narrat
1558 2219 1836 2269 Lampridius(
1860 2220 1899 2256 in
1929 2220 2005 2257 vita
2029 2219 2236 2260 Alexandri
2256 2236 2344 2276 cap.

1232 2283 1296 2323 29.
1327 2271 1370 2319 ).
1399 2271 1482 2309 Imo
1509 2272 1614 2309 addit
1637 2271 1851 2323 Vopiscus,
1881 2272 2056 2310 eamdem
2088 2273 2281 2324 Apollonii
2313 2279 2344 2314 i-

1230 2325 1423 2375 maginem
1452 2325 1491 2362 in
1522 2324 1702 2376 pluribus
1730 2323 1883 2376 templis
1905 2325 2020 2363 fuisse
2049 2325 2242 2365 adoratam
2266 2330 2281 2380 (
2303 2326 2364 2367 irr-

1231 2377 1456 2415 Aureliana
1485 2392 1520 2415 c.
1544 2377 1607 2424 24.
1638 2377 1682 2425 ).
1713 2377 1902 2415 Eusebius
1931 2379 2045 2416 etiam
2077 2379 2213 2417 fatetur
2231 2410 2241 2429 ,
2273 2380 2357 2419 suoL>

1229 2439 1400 2483 tempore
1430 2433 1445 2482 (
1476 2430 1569 2470 idest
1597 2445 1685 2470 saec.
1709 2430 1777 2470 IV.
1808 2431 1824 2480 )
1854 2431 1993 2480 fuisse,
2036 2433 2104 2485 qui
2141 2433 2345 2484 dicerent,

2252 2502 2292 2526 e-

1233 2603 1281 2633 tis
1307 2603 1432 2634 sanc7is
1457 2603 1694 2635 miraculorum
1717 2611 1909 2644 magnorum
1942 2602 2125 2636 noze'lieace
2149 2607 2344 2644 prasiana*-

1233 2648 1292 2680 bns
1316 2659 1432 2691 magos
1458 2657 1676 2690 comparant,
1704 2646 1909 2688 concludit,
1935 2649 2174 2691 multomagis
2201 2659 2361 2692 err.ire,'

1232 2693 1292 2738 qui
1317 2704 1438 2737 magos
1463 2702 1667 2738 comparant
1687 2691 1829 2727 Christo
1844 2715 1855 2734 ‚
1881 2706 1974 2737 quem
1994 2693 2168 2737 ΡιὊρίεά
2185 2697 2243 2729 illi
2259 2709 2345 2739 ρα-

1234 2744 1478 2773 nunciaverunt
1503 2745 1578 2773 (Je-
1594 2761 1605 2780 ,
1632 2743 1663 2772 &
1691 2740 1887 2773 Lactantius
1915 2739 1993 2773 Lib.
2012 2740 2057 2772 V.
2085 2739 2204 2774 Divin-
2222 2741 2360 2781 Ins-tif·>

1233 2797 1309 2830 cap.
1338 2787 1368 2818 3.
1398 2787 1446 2818 ita
1465 2788 1633 2819 arnstorem
1653 2785 1733 2819 libri
1760 2783 1965 2830 ᾳιλκλίτιμ,
1990 2798 2048 2819 seu
2070 2786 2266 2822 Hieroclem
2291 2790 2346 2822 al-

1233 2832 1466 2876 loquebatur:
1496 2831 1608 2864 Disce
1634 2835 1767 2876 igitur,
1796 2837 1826 2865 si
1852 2834 1934 2877 quid
1959 2833 2022 2864 tibi
2048 2833 2147 2865 cordi
2174 2842 2249 2876 est,
2274 2847 2341 2869 non

1235 2880 1341 2911 solum
1367 2879 1503 2911 idcirco
1528 2892 1548 2911 a
1574 2879 1671 2910 nobis
1696 2877 1806 2912 Deum
1831 2879 2000 2911 creditum
2027 2878 2227 2921 Christum,
2264 2885 2342 2925 quia

1233 2925 1409 2957 mirabilia
1422 2924 1544 2967 fecit,
1588 2925 1651 2957 secl
1675 2928 1753 2968 quia
1779 2926 1925 2958 vidimus
1951 2928 1986 2958 in
2013 2936 2051 2957 eo
2076 2925 2176 2969 fasta
2201 2939 2279 2960 esse
2304 2942 2343 2961 o-

1234 2974 1325 3003 mnia
1340 2991 1352 3010 ,
1379 2983 1444 3013 quae
1463 2971 1563 3003 nobis
1581 2974 1788 3004 annunciata
1809 2979 1885 3004 sunt
1901 2974 2069 3004 vaticinio
2084 2972 2342 3015 prophetarum.

1233 3016 1335 3049 Fecit
1362 3017 1559 3054 mirabilia;
1597 3028 1747 3060 magnum
1770 3026 2010 3061 putassemus,
2046 3025 2082 3050 ut
2107 3021 2149 3051 (T
2177 3031 2232 3052 vos
2256 3032 2344 3054 nune

1232 3066 1389 3106 putatis,
1415 3067 1456 3095 (φ’
1481 3061 1591 3096 Judaei
1617 3071 1697 3096 tunc
1719 3071 1943 3108 putaverunt,
1970 3067 2002 3097 si
2020 3075 2085 3096 non
2103 3067 2168 3098 illa
2193 3066 2344 3109 ipsasci-

1233 3113 1352 3142 aarum
1367 3109 1541 3142 Christum
1555 3107 1729 3153 Prophetae
1739 3123 1853 3143 omnes
1868 3123 1930 3143 uno
1945 3113 2070 3153 spiritu
2081 3112 2338 3153 praedicassent.

1282 3161 1330 3194 (c)
1357 3156 1392 3187 ln
1423 3155 1528 3188 Libro
1553 3156 1720 3200 inscripto
1743 3155 1947 3197 Φιλαλὶτης,
1972 3168 2076 3202 quem
2091 3158 2260 3191 Eusebius
2286 3168 2339 3190 re-

1234 3201 1363 3234 futavit
1391 3202 1424 3234 in
1452 3214 1513 3234 sua
1540 3199 1843 3237 Demens-tratione
1869 3202 2107 3245 Euangeliou.

1279 3249 1330 3286 (d)
1355 3248 1535 3280 Invenitur
1560 3248 1595 3281 iu
1619 3247 1771 3284 editione
1796 3260 1942 3295 operum
1970 3248 2169 3283 Philostrati
2207 3247 2292 3280 faeta
2317 3258 2337 3292 ᾳ

1234 3293 1367 3328 Frider.
1393 3294 1566 3329 Morello.
