2564 3706
819 144 1068 188 NECESS.
1101 145 1301 191 RELIG.
1334 145 1674 190 SUPERNA'I'.
2272 149 2325 190 53

103 242 172 268 nus
198 229 510 281 congrediamur,
540 223 664 276 placet
684 222 733 262 ab
763 225 854 276 ipsis
874 226 1056 264 sciscitari
1074 255 1084 274 ‚
1114 239 1211 279 quo-

101 283 213 322 modo
238 292 315 321 tam
345 281 502 319 fidenter
529 277 604 315 sibi
633 280 912 330 persuadeant,
942 293 1027 316 eam
1055 279 1210 331 religio-

102 350 214 383 nem,
243 349 362 388 quam
390 330 623 370 naturalem
651 331 874 383 appellant,
918 331 1065 369 homini
1095 333 1207 383 plane

99 387 272 427 sufficere
292 388 340 425 ad
359 382 551 425 salutem?
583 383 735 421 Possunt
753 399 773 420 e
792 400 881 423 suna
910 394 1036 422 mente
1056 385 1205 424 inficia-

97 442 131 478 ri
154 470 165 488 ,
194 440 417 493 religionem
446 438 564 477 aliam
593 438 956 488 supernaturalem,
1005 452 1068 475 seu
1100 452 1207 477 reve-

97 491 276 532 lationem
307 494 507 531 veritatum
535 491 790 543 quarumdam
822 491 1172 543 supernaturalium
1192 521 1206 540 ‚

94 559 173 585 esse
201 546 333 585 saltem
362 541 615 598 possibilem?
663 543 790 582 Eccur
818 547 918 582 euim
957 558 1032 582 nou
1063 547 1204 595 potu-is-

95 608 148 637 set
177 599 284 638 Deus
309 608 449 652 praeter
476 611 536 634 eas
566 596 766 645 veritates,
813 612 899 650 q-iae
942 599 1098 635 rationis
1139 612 1206 635 no-

96 662 182 690 strae
213 653 350 691 lumini
373 653 515 704 perviae
544 659 656 697 sunt,
686 650 781 689 alias
811 652 1058 689 manifestare
1084 650 1204 688 subli-

94 707 261 755 miores,
293 719 404 759 ·quas
432 703 547 742 homo
586 703 750 741 naturali
794 718 861 742 sua
904 703 1137 755 intelligendi
1167 705 1206 741 vi·

94 758 312 797 nullatenus
339 758 487 810 assequi
518 755 674 794 valeat?
724 757 818 795 Haec
849 757 926 795 sola
957 756 1206 794 consideratio

95 811 293 850 hominem
315 812 540 864 prudentem
570 823 724 848 movere
741 811 971 857 debet,.ut‚
1001 823 1050 846 an
1080 821 1205 845 ueces-

91 866 191 903 saria
221 867 288 914 sit,
318 864 353 901 8:
381 879 427 903 au
451 865 573 915 reipsa
602 864 735 900 existat
766 862 947 899 revelatio
974 860 1112 898 harum
1144 875 1210 898 ve-

90 918 247 957 ritatum
259 918 607 970 supernaturalium
620 947 630 965 ‚
640 915 927 966 diligentissime
939 915 1106 965 inquirat
1118 915 1182 964 (a)
1195 940 1208 952 .

146 985 212 1024 92.
243 973 356 1010 Haud
399 985 461 1009 me
487 970 604 1017 latet,
650 966 903 1004 Naturalistas
927 967 974 1003 ad
1022 968 1206 1005 rationem

92 1038 160 1070 nos
190 1038 423 1079 provocare,
469 1036 546 1074 qua
576 1019 787 1058 luculenter
827 1020 969 1057 ostendi
999 1019 1167 1058 clamant
1191 1051 1205 1069 ‚

92 1071 211 1116 solam
255 1077 478 1128 religionem
520 1072 736 1111 naturalem
772 1072 818 1111 ad
848 1072 970 1121 hene,
1002 1073 1205 1127 ‚beateque

91 1132 299 1170 vivendum
328 1129 479 1167 abunde
507 1125 680 1164 sufficere
697 1152 711 1164 .

143 1185 209 1235 95.
239 1184 310 1221 Sed
328 1183 458 1235 primo
474 1210 485 1229 ,
514 1189 657 1233 quanta
678 1181 723 1217 sit
743 1181 898 1218 rationis
927 1179 1104 1219 humanae
1127 1182 1200 1220 im-

85 1235 301 1283 becillitas,
330 1249 416 1287 cap.
446 1247 572 1286 super.
601 1233 900 1271 demonstratum
931 1234 1033 1282 fuit,
1063 1234 1098 1271 &
1128 1237 1199 1287 ipsi

84 1289 145 1326 vel
175 1289 285 1327 iuviti
304 1288 477 1327 confite-ri
506 1301 608 1339 saepe
637 1296 820 1338 coguntur
837 1313 856 1324 μ
877 1287 1077 1337 Secundo,
1107 1303 1197 1326 cum

82 1350 160 1379 tam
192 1343 407 1394 frequenter
435 1342 483 1380 ad
513 1342 667 1378 rationis
687 1340 951 1379 tribunal-.nos
971 1352 1193 1394 provocent,

80 1408 141 1433 eos
169 1395 409 1447 percunetari
438 1394 559 1443 libet,
597 1394 642 1430 de
673 1409 750 1446 qua
779 1395 926 1432 ratione
954 1394 1194 1447 loqu-antur?

78 1449 140 1486 An
170 1450 216 1486 de
245 1462 313 1486 sua
341 1449 513 1500 ipsorum
543 1446 729 1498 propriis?
765 1446 839 1485 Sed
868 1448 1011 1499 quihus
1040 1448 1159 1487 titulis
1179 1479 1191 1498 ,

79 1500 114 1537 ἃ
143 1515 220 1554 quo
247 1501 333 1552 jure
360 1501 489 1539 iuliae
518 1501 742 1551 gravissima
771 1503 1025 1539 controversia
1054 1504 1190 1540 consti-

76 1562 185 1592 tuent
213 1569 251 1591 se
279 1554 374 1592 solos
403 1551 577 1605 judices?
614 1554 673 1590 An
702 1555 748 1591 de
778 1554 922 1591 ratione
952 1554 1190 1606 singulorum

77 1607 282 1645 hominum
298 1606 317 1645 ἶ
342 1608 416 1645 Sed
432 1617 521 1645 tunc
545 1615 595 1642 tot
616 1616 723 1643 erunt
739 1606 936 1656 religiones
955 1637 966 1654 ,
995 1617 1085 1658 quot
1105 1618 1190 1646 suut

76 1660 277 1698 homiuum
298 1662 446 1712 capita:
474 1660 682 1710 eodemque
711 1658 796 1708 jure
821 1657 1107 1707 materiatum,
1138 1661 1189 1698 E-

75 1715 253 1766 picurei,
289 1722 402 1764 atque
431 1714 481 1750 ita
512 1711 622 1749 Athei
653 1711 697 1748 ad
728 1725 806 1749 suoe
835 1712 990 1749 rationis
1019 1712 1188 1751 tribunal

73 1775 194 1804 totum
223 1765 423 1804 hominum
452 1778 571 1816 genus
590 1764 808 1817 pertrahere
827 1765 1070 1803 conabuntur
1086 1792 1096 1803 .
1126 1767 1188 1805 An

71 1820 234 1872 denique
256 1819 467 1871 loquuntur
487 1819 533 1855 de
562 1819 762 1856 communi
783 1818 960 1855 omnium
982 1819 1187 1858 hominurn

73 1867 249 1910 ratione?
278 1872 351 1910 Sed
368 1880 454 1909 tunc
469 1880 574 1910 certo
600 1873 741 1909 certius
753 1885 866 1909 causa
895 1872 1045 1910 cadent:
1074 1872 1187 1910 Com-

72 1926 202 1963 munis
231 1926 332 1962 enim
375 1924 541 1962 aliorum
572 1923 777 1962 hominum
814 1926 1009 1975 persuasio
1037 1940 1190 1978 semper

71 1979 167 2025 fuit,
197 1976 230 2012 ἅ
250 1987 302 2014 est
317 2006 328 2024 ‚
359 1977 578 2027 religionem
600 1976 930 2028 supernaturalem
952 1992 1028 2016 esse
1048 1980 1187 2016 admit-

68 2031 243 2068 tendam.
291 2029 372 2067 Nec
401 2029 447 2066 de
475 2029 565 2066 solis
592 2028 818 2067 Christianis
848 2028 1074 2081 loquimur,
1121 2041 1186 2070 aut

69 2083 217 2120 Judaeis
235 2113 246 2132 ,
284 2083 348 2121 sed
376 2082 424 2119 de
451 2082 630 2121 omuibus
659 2081 772 2134 plane
800 2083 980 2134 populis;
1028 2084 1183 2123 nullum

70 2138 172 2174 enim
202 2137 461 2183 inveniemus,
490 2137 554 2173 cui
573 2149 648 2173 non
677 2137 723 2173 sit
753 2149 998 2187 persuasum,
1029 2137 1182 2189 religio-

66 2202 156 2228 nem
199 2189 336 2227 debere
365 2203 386 2226 a
416 2188 498 2227 Deo
539 2190 622 2240 ipso
649 2188 896 2236 descendere,
946 2188 980 2224 &
1016 2204 1181 2242 superna

69 2241 300 2282 revelatione
319 2243 552 2281 innotescere
570 2269 582 2282 .
611 2243 684 2281 Sed
703 2241 784 2294 jam
815 2243 957 2280 ratione
977 2244 1060 2295 ipsa
1089 2258 1179 2282 cum

66 2294 311 2335 Naturalistis
338 2308 556 2350 pugnemus
570 2321 583 2334 .

70 2395 112 2452 ξ.
139 2403 172 2441 1.
202 2401 386 2440 Primum
406 2411 689 2455 argumentum
709 2414 779 2453 pro
807 2406 1046 2441 necessitate
1074 2417 1180 2442 rere-

120 2454 280 2493 lationis
308 2457 625 2506 supernaturalis
654 2455 906 2508 desumptum
935 2470 988 2493 ex
1017 2461 1179 2496 interna

121 2505 293 2544 hominis
321 2513 568 2558 corruptione
589 2539 600 2557 ‚
630 2511 742 2561 cujus
771 2514 1031 2558 corruptionis
1060 2515 1177 2563 origi-

118 2571 242 2607 nem,
273 2572 444 2597 causam
462 2589 472 2607 ‚
501 2562 548 2600 ἴς·
571 2561 794 2597 remedium
823 2567 984 2601 nonnisi
997 2563 1086 2602 Deo
1115 2578 1176 2603 re-

120 2612 280 2651 velante
308 2625 551 2664 cognoscere
577 2626 786 2665 possumus
815 2612 873 2663 (b)
892 2639 904 2652 .

115 2712 182 2770 94.
211 2718 260 2758 Et
296 2718 451 2770 quidem
482 2731 547 2757 nos
576 2732 653 2756 esse
673 2717 805 2771 aliqua
833 2728 959 2758 nostra
979 2719 1094 2772 culpa
1116 2724 1171 2761 iu-

63 2773 180 2810 terius
208 2780 428 2822 corruptos,
458 2772 492 2808 &
521 2774 746 2824 aprimaevo
765 2781 884 2821 statu,
914 2775 952 2811 iu
981 2788 1056 2825 quo
1084 2789 1171 2814 cou-

63 2824 133 2863 diti
163 2838 185 2863 a
205 2824 288 2864 Deo
315 2825 486 2875 luimus²
516 2825 723 2865 infeliciter
751 2825 951 2881 delapsos,
980 2841 1091 2866 nemo
1112 2831 1171 2869 in·

115 2990 164 3025 (α)
190 2985 411 3020 Incredibilis
436 2996 487 3022 est
512 2988 580 3023 liae
611 2990 647 3023 in
673 3002 708 3023 re
734 2991 1035 3025 Naturalistarum
1063 3000 1173 3026 teme·

57 3031 170 3064 ritas.
205 3033 443 3067 Rousseavius
468 3035 503 3067 in
529 3048 592 3069 sno
614 3037 731 3071 Emile
759 3038 860 3071 Tom.
882 3039 940 3071 lll.
967 3051 1031 3078 non
1058 3040 1170 3072 solum

64 3076 214 3110 fidenter
238 3079 387 3120 asserit,
434 3081 635 3125 religionem
661 3085 858 3117 naturalem
885 3083 1037 3118 sufficere
1059 3109 1069 3126 ‚
1111 3085 1170 3118 sed

63 3135 140 3156 eam
167 3124 309 3173 insuper
335 3125 480 3159 cuilibet
507 3128 782 3163 luculentissime
810 3139 926 3174 patere
963 3130 1170 3172 contendit3

63 3170 165 3220 quasi
192 3182 275 3204 vero
298 3172 430 3214 ignotae
450 3182 563 3214 essen-t
581 3177 824 3209 controversia?
845 3199 856 3217 ‚
883 3181 915 3209 8<
940 3174 1168 3210 dieseos-iones

60 3223 154 3247 mter
178 3216 417 3251 Naturalistas
444 3219 478 3250 in
502 3218 567 3251 hac
593 3220 665 3264 ipsa
693 3223 858 3266 religione
878 3224 1028 3256 naturali
1053 3222 1167 3256 ‹leter—

62 3260 259 3295 minanda.
300 3265 427 3297 Αιιᾶοῐ·
465 3265 660 3308 pestilentis
696 3268 777 3300 libri
805 3269 872 3302 Les
899 3270 1039 3302 Moe-urs
1074 3268 1165 3302 idem

56 3317 186 3350 magno
210 3309 390 3342 molimine
407 3311 566 3343 evincere
592 3322 736 3347 conatus
759 3323 810 3348 est
826 3337 834 3346 .
862 3316 1022 3361 Longum
1047 3325 1165 3350 autem

55 3361 147 3386 esset
173 3351 289 3388 dicere
313 3354 357 3389 de
380 3357 543 3391 omnibus
559 3380 570 3389 .

1277 227 1388 264 fir-ias
1415 227 1552 273 iverit,
1599 227 1667 278 qui
1697 224 1862 277 seipsum
1891 234 2027 266 attente
2056 226 2349 265 consideraverit
2372 251 2382 264 .

1276 279 1490 317 Intellectus
1520 293 1649 316 rerum
1679 291 1751 331 pro
1776 278 1924 329 objesto
1954 280 2066 318 habet
2088 310 2098 328 ‚
2139 279 2315 332 illudque
2344 294 2385 317 a·

1276 334 1470 371 vidissime
1499 333 1686 384 inquirit,
1734 332 1796 368 sed
1827 340 1908 378 tot,
1945 332 1978 368 8<
2007 334 2114 370 tantis
2143 334 2320 371 obruitur
2351 334 2382 371 i·

1273 388 1477 437 guorantiae
1509 386 1698 432 tenebris,
1746 392 1786 421 ut
1815 386 2015 435 aegerrime
2044 385 2139 423 illud
2179 387 2348 425 iuvenire
2370 416 2381 435 ‚

1273 449 1385 491 atque
1415 455 1436 478 a
1467 439 1560 477 falso
1588 441 1840 476 internoscere
1869 438 2006 489 possit;
2054 437 2231 477 voluntas
2256 449 2383 478 autern

1273 494 1430 545 proprio
1445 493 1607 544 pondere
1637 493 1675 529 iu
1696 491 1839 528 bonum
1860 490 1995 537 tendit,
2025 491 2231 541 saepi-ssime
2254 501 2381 531 tamen

1273 561 1294 581 a
1323 547 1560 598 passionibus
1579 544 1803 583 obnubilata
1820 573 1830 590 ‚
1860 543 1894 579 8<
1916 543 2133 596 perturbata
2163 558 2295 590 verum
2315 546 2382 583 bo-

1274 612 1368 636 num
1398 601 1567 651 respuit,
1598 598 1740 636 salsum
1767 596 2011 636 vehementer
2039 595 2298 642 consetstatur3
2346 599 2380 635 8<

1274 660 1372 689 tauta
1403 661 1454 689 est
1486 654 1525 690 in
1552 653 1730 690 omuibus
1760 652 1903 688 interna
1932 648 2205 698 contradictio,
2253 651 2382 688 incon-

1273 706 1432 752 stantia,
1462 704 1495 741 8(
1526 719 1651 758 pugna
1670 735 1680 753 ,
1711 713 1750 742 ut
1781 703 1894 741 homo
1923 703 1997 741 sibi
2028 704 2099 755 ipsi
2130 705 2316 755 imperet,
2348 703 2382 740 8(

1274 758 1352 806 ipse
1383 759 1456 795 sibi
1488 760 1559 809 ipsi
1591 771 1724 811 parere
1745 766 1917 806 recuset,
1947 755 2053 809 juxta
2083 755 2180 795 illud
2209 757 2385 795 decanta-

1275 818 1357 847 tum
1386 810 1510 848 Poetae
1525 832 1535 849 ε

1278 940 1315 952 ..
1334 941 1372 952 ..
1406 915 1543 953 Trahit
1572 921 1732 956 int-itum
1761 931 1863 957 nora
1892 921 1968 967 ris,
2016 918 2177 970 aliaque
2211 917 2349 968 cupido
2369 948 2384 967 ‚

1275 967 1399 1005 Mens
1428 969 1537 1007 aliud
1565 972 1728 1009 suadet:
1776 972 1882 1011 rideo
1911 971 2082 1010 meliora
2103 1002 2114 1021 ‚
2156 971 2347 1024 proboque
2366 1000 2381 1021 ,

1379 1020 1593 1061 Deteriora
1622 1037 1788 1076 sequor.

1324 1129 1390 1180 95.
1422 1130 1545 1182 A'tque
1567 1138 1605 1168 ut
1626 1131 1664 1168 iu
1693 1131 1826 1169 ordine
1847 1131 1969 1170 solum
1991 1131 2153 1170 naturali
2174 1134 2349 1170 sistamus
2364 1164 2378 1179 τ

1268 1196 1386 1234 quam
1415 1197 1515 1236 saepe
1545 1185 1694 1232 evenit,
1737 1193 1776 1222 ut
1806 1185 1902 1222 ratio
1930 1197 2019 1221 cum
2048 1198 2085 1221 se
2113 1184 2306 1223 dominam
2337 1201 2376 1223 a-

1270 1246 1425 1286 gnoscat
1456 1266 1466 1284 ‚
1515 1238 1679 1289 imperio
1707 1246 1831 1276 tamen
1860 1237 2079 1289 passionum
2109 1238 2218 1289 quasi
2261 1238 2379 1277 iuvita

1266 1288 1513 1339 subjiciatur,
1544 1290 1604 1329 vel
1622 1292 1660 1329 in
1677 1292 1773 1343 ipsis
1789 1291 1901 1329 rebus
1916 1320 1927 1338 ‚
1957 1304 2051 1342 quas
2070 1291 2239 1328 maxime
2255 1291 2374 1328 vita-re

1265 1356 1304 1379 se
1331 1342 1468 1380 debere
1510 1343 1730 1396 cognoscit?
1778 1344 1882 1392 Quid
1911 1344 2013 1381 euim
2057 1356 2117 1382 ex.
2146 1356 2204 1395 gr.
2234 1344 2374 1396 cuique

1261 1396 1382 1445 magis
1411 1397 1585 1435 innatum
1603 1428 1613 1446 ,
1655 1412 1773 1451 quam
1802 1398 1958 1450 propria
1987 1397 2045 1435 sui
2072 1398 2198 1449 -ipsius
2225 1404 2379 1435 emiser-

1259 1447 1389 1487 vatio?
1420 1451 1595 1489 Attamen
1626 1460 1715 1502 quot
1745 1450 1918 1488 homines
1937 1451 2110 1488 videmus
2128 1480 2139 1497 ,
2169 1449 2290 1489 brutis
2310 1451 2373 1488 de-

1259 1503 1412 1539 teriores
1429 1531 1439 1549 ,
1471 1504 1762 1555 intemperantia
1779 1534 1789 1551 ‚
1810 1503 2039 1541 libidinibus
2054 1533 2064 1549 ,
2096 1505 2293 1554 noxiisque
2310 1516 2374 1541 vo·

1259 1553 1468 1605 luptatibus
1485 1585 1496 1602 ,
1527 1556 1560 1592 ἃ
1582 1557 1776 1594 sanitatem
1797 1586 1806 1603 ,
1839 1555 1873 1591 8:
1902 1558 2020 1593 vitam
2041 1557 2164 1607 ipsam
2184 1556 2258 1593 sibi
2288 1557 2371 1594 adi-

1258 1606 1391 1645 mere?
1438 1608 1542 1654 Quid
1573 1618 1697 1659 postea
1727 1609 1771 1646 de
1800 1609 1847 1646 iis
1875 1607 2006 1645 multis
2034 1609 2239 1646 dicendum
2260 1638 2270 1656 ‚
2301 1611 2370 1661 qui

1257 1659 1355 1697 bona
1385 1660 1604 1709 spiritualia
1633 1663 1712 1700 sine
1742 1661 1861 1699 dubio
1889 1662 2061 1698 omnium
2098 1662 2371 1713 pretiosissima.

1257 1712 1453 1750 vilissimis
1481 1714 1713 1765 quibusdam
1743 1714 1857 1752 rebus
1875 1713 1982 1764 longe
2011 1722 2266 1765 postponunt,
2296 1717 2369 1753 uti-

1255 1779 1330 1816 que
1359 1776 1486 1804 contra
1505 1780 1608 1805 sanae
1639 1768 1794 1805 rationis
1815 1765 2033 1804 distamen?
2065 1767 2162 1804 Haec
2189 1780 2278 1805 sane
2308 1769 2368 1806 in-

1255 1819 1388 1857 testina
1420 1818 1584 1858 hominis
1605 1834 1731 1871 pugna
1750 1849 1760 1867 ,
1789 1828 1905 1871 atque
1932 1819 2122 1856 discordia
2139 1849 2148 1866 ,
2178 1833 2296 1871 quam
2326 1834 2374 1857 u-

1253 1873 1492 1924 nusquisque
1521 1874 1561 1910 iu
1589 1886 1628 1910 se
1658 1874 1879 1925 experitur,
1922 1871 2026 1910 haud
2055 1871 2139 1911 leve
2168 1882 2220 1909 est
2257 1886 2371 1924 argu-

1254 1933 1430 1963 mentum
1457 1925 1617 1963 occul-tae
1647 1927 1923 1978 corruption-is,
1952 1923 2065 1977 cujus
2093 1926 2302 1976 originem,
2333 1926 2371 1963 δε

1255 1991 1411 2016 causam
1429 2009 1440 2026 ‚
1479 1978 1512 2014 8t
1541 1980 1710 2018 remedia
1739 1993 1805 2018 nos
1832 1992 1985 2031 prorsus
2014 1980 2186 2031 ignorare
2215 1993 2366 2018 necesse

1253 2039 1332 2078 est,
1379 2032 1455 2069 nisi
1485 2032 1534 2070 ad
1563 2046 1768 2085 supernam
1804 2031 2076 2071 revelationem
2111 2031 2241 2070 oculos
2277 2045 2366 2071 con—

1252 2093 1444 2123 vertamus
1460 2115 1470 2133 ,
1499 2099 1590 2138 quae
1611 2099 1686 2124 'nos
1706 2087 1838 2134 docet,
1869 2085 2064 2124 hominem
2094 2086 2209 2123 fuisse
2238 2101 2259 2124 a
2280 2086 2364 2124 Deo

1251 2136 1396 2180 redium
1414 2168 1423 2185 ‚
1454 2148 1568 2191 atque
1588 2140 1778 2190 integrum
1795 2147 1986 2186 creatum,
2017 2147 2143 2190 postea
2171 2152 2261 2176 vero
2275 2152 2364 2190 pro-

1250 2191 1334 2239 pria
1354 2191 1469 2242 culpa
1497 2193 1673 2230 vitiatum
1693 2222 1703 2240 ,
1734 2192 1832 2230 hanc
1853 2191 2008 2242 culpam
2040 2193 2077 2228 in
2105 2204 2236 2228 omues
2264 2192 2363 2229 infe-

1248 2241 1343 2280 lices
1372 2244 1465 2281 Adae
1509 2253 1674 2296 posteros
1703 2245 1944 2292 transfundi,
1990 2257 2114 2296 neque
2142 2243 2253 2281 aliter
2289 2242 2362 2283 hoc

1248 2303 1391 2333 tantum
1411 2297 1559 2335 malum
1590 2297 1671 2335 tolli
1692 2311 1801 2349 posse
1819 2327 1831 2345 ‚
1860 2311 1977 2348 quam
2008 2310 2075 2349 per
2103 2298 2265 2347 gratiam
2280 2297 2359 2336 Do-

1248 2350 1345 2386 mini
1375 2351 1490 2388 nostri
1518 2350 1605 2387 Jesu
1636 2349 1804 2398 Christi,
1835 2363 1950 2401 quarn
1980 2349 2164 2401 jugibus,
2208 2363 2253 2388 ac
2282 2351 2361 2388 fer-

1246 2402 1420 2441 ventibus
1448 2403 1624 2454 precibus
1655 2403 1863 2456 implorare
1892 2402 2100 2441 debemus.

1299 2455 1365 2506 96.
1394 2456 1478 2494 Non
1508 2471 1568 2493 me
1597 2457 1715 2504 latet,
1761 2456 1944 2509 quosdam
1974 2456 2200 2494 recentiores
2228 2456 2355 2494 Incre-

1245 2508 1353 2547 dulos
1382 2509 1541 2547 fidenter
1560 2511 1781 2561 respondere
1799 2540 1809 2557 ⁷
1839 2508 1909 2547 hoc
1938 2508 2106 2547 hominis
2133 2510 2355 2548 intestinum

1243 2561 1391 2600 bellum
1422 2565 1675 2614 corruptionis
1702 2564 1886 2601 indicium
1915 2576 2020 2610 esse,
2051 2572 2113 2600 aut
2142 2561 2318 2601 effectum
2340 2594 2352 2613 ‚

1241 2616 1303 2653 sed
1334 2616 1394 2654 illi
1422 2628 1576 2668 prorsus
1618 2616 1816 2664 naturale,
1861 2616 2184 2669 quemadmodum
2227 2617 2353 2655 eidem

1241 2667 1389 2707 homini
1421 2668 1592 2707 naturale
1621 2678 1700 2717 est,
1750 2669 1892 2708 habere
1920 2679 2045 2721 partes
2081 2670 2350 2721 corruptioni,

1240 2721 1275 2757 ἃ
1303 2721 1537 2760 dissolutioni
1567 2722 1753 2760 obnoxias
1781 2723 1838 2774 (c)
1857 2750 1867 2761 .
2241 2750 2248 2757 ι

1293 2789 1359 2827 97.
1390 2775 1665 2814 Verumtamen
1710 2785 1748 2812 ut
1777 2776 1874 2814 bene
1902 2776 2075 2813 observat
2103 2775 2145 2814 S.
2176 2775 2346 2817 Thomas

1238 2828 1327 2868 Lib.
1362 2828 1475 2867 Cont.
1509 2828 1630 2868 Gent.
1659 2842 1744 2881 cap.
1764 2829 1826 2868 52.
1855 2830 2004 2868 etiamsi
2026 2828 2094 2868 hoc
2123 2830 2347 2921 imeiihlmm

2233 2897 2252 2920 e
2271 2905 2289 2913 -ι

1291 2994 1336 3029 (L)
1362 2991 1439 3025 Non
1468 2992 1691 3036 proponimus
1727 2991 1791 3025 lioc
1819 3000 2065 3036 argumentum
2101 2999 2282 3036 tamquam
2307 3004 2346 3026 o—

1238 3040 1359 3071 mnino
1383 3038 1725 3079 demonstrativum,
1751 3037 1809 3071 sed
1827 3040 1939 3072 solum
1965 3047 2002 3072 ut
2021 3037 2121 3071 valde
2145 3039 2344 3081 probabile;

1239 3083 1532 3124 (trrtmntltnodum
1560 3084 1646 3117 illud
1665 3085 1842 3130 proposuit
1869 3087 1902 3118 S.
1931 3085 1998 3118 Th.
2026 3085 2103 3118 Lib.
2123 3086 2185 3117 lx.
2212 3087 2342 3118 Contra

1242 3132 1343 3163 (ient.
1371 3144 1398 3163 c.
1424 3132 1477 3163 52.
1507 3130 1594 3162 Vide
1614 3126 1696 3174 “ejus
1721 3131 1828 3164 verba
1857 3132 1948 3165 infra
1976 3133 2010 3164 in
2037 3140 2108 3164 not.
2137 3130 2177 3163 nd
2205 3144 2238 3163 n.
2259 3133 2315 3173 98.

1282 3183 1329 3215 (c)
1354 3177 1546 3212 Voltnirius
1566 3177 1683 3210 Lettre
1709 3190 1792 3210 xxV.
1821 3191 1877 3211 sur
1894 3180 1947 3212 les
1965 3183 2107 3222 pense'es
2132 3180 2175 3211 de
2193 3177 2244 3209 M.
2273 3177 2338 3208 Pa-

1237 3224 1332 3256 schul
1359 3227 1390 3254 δε
1414 3223 1498 3255 (lans
1517 3226 1549 3256 le
1570 3235 1626 3257 vr.
1651 3225 1818 3257 Discours
1844 3225 2105 3268 philosophique
2129 3232 2200 3256 tout
2224 3231 2273 3254 est
2297 3234 2338 3254 ce

1235 3270 1403 3313 ‹la'cldoit
1430 3278 1501 3302 ecre
1517 3292 1524 3301 .
1551 3271 1680 3303 Contra
1694 3283 1797 3315 quern
1825 3269 1934 3304 videri
1955 3280 2066 3315 potest
2091 3271 2227 3303 libellus
2247 3268 2335 3300 Roh.

1232 3317 1303 3347 ἐστε.
1329 3316 1442 3348 Alexii
1471 3316 1525 3348 Du
1551 3316 1698 3357 Harnel,
1736 3317 1790 3350 cui
1819 3318 1942 3350 titulus
1969 3317 2105 3350 Lettres
2130 3315 2337 3348 Flamandes

1234 3364 1298 3394 διο.
1324 3363 1343 3394 ξι
1371 3361 1459 3396 Lille
1489 3361 1592 3409 ¹75²·
1618 3363 1653 3396 in
1683 3373 1737 3396 12.
1764 3364 1858 3398 Lett.
1881 3376 1916 3397 x.
1941 3367 1974 3396 ἃ
1997 3374 2054 3396 xx.
