2564 3706
1 3316 4 3331 t

0 3480 13 3559 ς
57 3477 66 3486 .

876 95 959 141 DE
993 95 1254 142 AUCTOR.
1287 92 1554 141 PENTAT.

134 177 222 217 125.
252 174 362 228 Resp.
391 171 565 214 Primum
594 171 680 214 leve
707 187 812 222 esse3
849 175 1050 216 innumera
1079 178 1184 217 enim

76 239 281 270 occurrunt
309 227 484 281 exempla
503 227 742 281 Scriptorum
761 258 771 277 ,
800 231 931 282 quide
961 229 1117 283 se'ipsis
1146 233 1185 270 in

76 286 184 322 tertia
212 294 371 335 persona
390 280 508 320 locuti
537 291 650 331 sunt,
680 291 719 320 ut
739 282 865 321 Julius
884 285 1011 323 Caesar
1041 286 1079 322 in
1108 287 1185 323 suis

79 335 410 385 Commentariis,
439 333 584 386 aliique
611 336 804 374 sexcenti.
842 336 884 374 Id
914 336 1035 375 multo
1063 340 1184 389 magis

76 404 100 428 a
127 388 219 426 viris
246 390 452 431 ἃωπνεῖςος
480 387 567 425 fieri
597 388 744 440 potuit,
782 397 822 426 ut
850 390 1106 438 ostenderent,
1147 403 1185 429 se

75 452 151 481 non
179 441 335 494 proprio
363 452 502 489 sensu,
531 440 594 478 sed
623 440 755 480 divino
784 442 938 482 afflante
967 445 1101 496 spiritu
1131 442 1187 481 lo-

74 494 178 547 qui.
218 492 321 532 Hinc
349 494 467 531 etiam
495 491 536 532 S.
566 492 772 533 Matthaeus
815 497 872 534 sui
902 497 1187 543 conversionem

73 555 260 585 memorat
288 547 466 589 in‚tertia
494 560 675 600 persona:
722 547 834 586 Iesus
865 549 954 588 vidit
986 548 1186 587 hominem

74 597 282 638 sedentem
325 602 366 637 in
407 600 577 650 telont'o,
619 601 866 640 matthaeum
895 607 1058 642 nomine
1100 604 1186 644 &c-

76 652 231 692 Matth.
260 648 335 691 IX.
365 665 406 704 9.
546 664 549 666 ·

135 705 223 746 126.
251 705 399 762 Eadem
429 706 574 746 ratione
615 708 735 760 potuit
764 706 917 761 Moyses
953 706 1070 747 libros
1099 723 1120 747 a
1149 720 1187 746 se

75 758 338 808 elucubratos,
360 768 557 813 tamquam
573 761 714 800 alienos
729 775 1050 810 commemorare,
1067 775 1186 812 quan-

76 826 194 866 quam
216 811 419 865 probabile
439 814 644 853 admodum
673 824 751 862 est,
782 827 842 852 eos
862 813 980 852 libros
1000 826 1073 850 nou
1096 814 1187 851 fuis-

73 879 112 903 se
140 880 164 904 a
182 864 437 905 Pentateucho
465 867 654 907 distinctos
672 893 681 905 .
714 865 908 904 Volumen
932 867 1033 903 enim
1052 864 1189 917 faetle-

73 922 129 960 ris
165 929 507 958 commemoratum
536 920 657 959 Exod.
687 917 836 957 XXIV.
879 915 980 956 nihil
1015 917 1120 956 aliud
1150 920 1190 956 in

73 985 112 1010 se
131 972 372 1022 continebat,
401 987 519 1025 quam
539 972 639 1025 leges
667 987 690 1010 a
709 971 846 1023 Moyse
865 969 960 1009 latas
975 1000 986 1020 ,
1017 970 1050 1007 δε
1080 987 1100 1009 a
1123 985 1189 1024 po-

74 1024 398 1078 puloacceptatas
414 1054 426 1072 ,
455 1037 542 1077 quae
562 1025 707 1066 ibidem
723 1052 735 1071 ,
765 1024 927 1075 aliisque
951 1026 990 1061 in
1020 1022 1112 1062 locis
1135 1025 1189 1064 in-

74 1080 306 1119 veniuntur.
335 1076 454 1116 Liber
481 1074 826 1127 autembellorum
854 1076 1022 1115 Domini
1039 1105 1050 1126 ,
1079 1077 1191 1129 cujus

73 1134 217 1171 mentio
244 1131 297 1178 fit,
307 1130 427 1169 Num.
446 1122 557 1169 XXI.
574 1160 586 1180 ,
615 1131 795 1182 opinione
814 1129 995 1183 plurium
1008 1131 1190 1183 interpre-

73 1193 156 1223 tum
185 1183 281 1222 nthI
309 1183 384 1221 fuit
404 1181 534 1232 aliud,
563 1196 682 1236 quam
704 1183 882 1225 historica
902 1185 1066 1222 narratio
1093 1183 1190 1222 belli

72 1250 162 1275 cum
183 1233 405 1285 Amalecitis
420 1265 431 1285 ,
462 1249 550 1289 quae
580 1238 620 1275 in
639 1235 771 1275 Exodo
792 1237 1007 1275 continetur
1021 1251 1032 1283 3
1062 1237 1190 1276 obser-

68 1299 134 1333 vat
161 1286 640 1339 enim‘NanAlbxander,
668 1302 800 1329 vocem
829 1289 1051 1330 hebraicam
1081 1297 1189 1340 7:212

71 1342 303 1395 Besepheri,
332 1356 451 1396 quam
484 1342 657 1395 vulgatus
678 1340 865 1396 interpres
894 1344 1055 1383 reddidit
1085 1346 1126 1380 ιή
1146 1344 1190 1381 [ι’-

75 1396 167 1446 bro,
195 1408 302 1449 posse
328 1397 444 1434 etlam
467 1397 687 1448 significare
715 1400 1018 1446 narrationem,
1049 1396 1109 1436 vel
1131 1409 1191 1435 re-

71 1449 267 1488 lationem
284 1479 296 1497 ,
323 1461 401 1502 quo
429 1463 537 1487 sensu
567 1449 770 1488 adhibetur
802 1449 952 1489 Genes.
974 1450 1024 1488 V.
1051 1464 1083 1488 ι.
1115 1448 1191 1488 De-

75 1516 185 1541 mum
215 1501 355 1540 librum
376 1502 473 1556 legis
492 1511 833 1542 commemoratum
853 1502 1018 1542 Denter.
1039 1501 1190 1542 XXXI.

74 1557 116 1594 in
145 1558 228 1608 ipso
247 1556 546 1596 Deuteronomio
573 1558 782 1606 contineri,
814 1566 945 1610 putant
974 1559 1192 1610 interpretes

79 1609 252 1649 melioris
281 1617 378 1648 notae
394 1637 405 1649 .

135 1677 224 1716 127.
254 1664 315 1701 Ad
333 1663 380 1702 5.
422 1663 566 1715 pariter
605 1661 645 1701 in
673 1672 856 1716 promptu
899 1671 985 1702 sunt
1013 1662 1190 1717 exempla

76 1714 314 1770 Scriptorum
332 1748 343 1767 ,
371 1718 440 1770 qui
467 1716 543 1754 sibi
573 1716 797 1769 promeritas
814 1748 825 1766 ,
863 1726 1031 1770 totasque
1061 1718 1192 1757 laudes

73 1782 148 1808 non
177 1767 436 1822 deneg'arunt3
477 1783 698 1822 quanquam
729 1769 770 1808 hi
799 1771 895 1809 forte
923 1785 969 1808 ex
997 1768 1191 1821 φιλαιτὶοε,

76 1822 112 1858 8<
140 1820 298 1873 χενοζῖα
312 1823 585 1871 'id·,fecerunt‚
607 1821 761 1876 Moyses
778 1833 907 1863 autem
928 1823 1009 1862 Deo
1030 1824 1192 1875 ispirau-

75 1884 111 1915 te
127 1905 138 1923 ,
168 1875 203 1911 &
231 1875 380 1914 volente
396 1894 422 1914 .-
1104 1881 1106 1883 ’

136 1927 225 1974 128.
254 1927 488 1968 Postremum
518 1928 567 1969 ab
595 1931 644 1970 iis
673 1928 787 1969 facile
816 1929 999 1979 solvitur,
1029 1929 1096 1983 qui
1127 1943 1191 1976 ea,

78 1995 166 2036 quae
196 1981 246 2019 ad
273 1981 417 2020 calcem
439 1983 727 2021 Deuteronomii
756 1983 956 2035 leguntur,
986 1984 1101 2021 fuisse
1131 1980 1191 2019 vel

75 2050 100 2076 a
127 2034 265 2082 Josue,
294 2033 355 2073 vel
383 2034 434 2073 ab
463 2033 607 2084 Esdra,
649 2034 710 2074 vel
739 2035 790 2074 ab
826 2035 958 2088 aliquo
986 2034 1062 2074 alio
1090 2034 1192 2074 Scri-

77 2096 185 2142 ptore
211 2100 345 2136 sacro,
387 2087 422 2124 ἃ
450 2089 636 2140 inspirato
671 2087 821 2141 adjecta
848 2090 1110 2138 arbitrantur,
1154 2096 1194 2126 ut

76 2140 178 2180 nihil
207 2139 380 2182 historiae.
402 2139 553 2194 Moysis
580 2142 748 2181 deesset.
785 2143 910 2181 Immo
937 2151 1069 2196 putant
1097 2154 1193 2179 non-

77 2194 205 2244 nulli,
234 2204 449 2235 extremum
468 2195 758 2234 Deuteronomii
778 2205 895 2248 caput
923 2209 1000 2234 esse
1020 2195 1112 2233 libri
1133 2195 1194 2232 Jo-

77 2262 144 2288 sue
171 2247 354 2296 initium3
382 2249 484 2301 quod
504 2262 552 2286 an
580 2262 670 2287 cum
699 2247 819 2286 solido
845 2249 1090 2286 fundamento
1119 2247 1196 2285 dici

75 2303 219 2356 possit,
246 2301 316 2341 alii
345 2302 535 2342 viderint.
571 2300 647 2340 Sed
675 2300 813 2353 Joseph
841 2300 933 2339 Lib.
962 2299 1032 2339 IV.
1061 2301 1195 2351 Antiq.

77 2355 234 2400 sudate.
263 2369 350 2408 cap.
370 2353 463 2404 ult.,
493 2353 528 2390 8<
549 2352 660 2393 Philo
676 2354 768 2393 Lib.
789 2353 857 2392 III.
887 2353 935 2392 de
958 2352 1053 2399 Vita
1071 2353 1197 2406 swoy-

78 2413 133 2447 sis
161 2417 312 2457 censet,
343 2407 428 2448 haec
446 2408 576 2457 omnia
606 2407 720 2447 fuisse
739 2422 763 2452 a
782 2406 920 2460 Moyse
950 2408 1088 2461 spiritu
1109 2420 1196 2460 pro-

79 2460 232 2514 phetico
251 2463 438 2512 praevisa,
466 2459 501 2496 8<
528 2460 665 2499 litteris
680 2490 692 2509 ,
716 2462 772 2499 'ita
793 2460 877 2498 Deo
894 2458 1043 2500 volente
1058 2491 1070 2510 ,
1106 2474 1196 2499 con-

80 2515 247 2567 signata:
276 2526 374 2566 quae·
392 2514 571 2552 sententia
598 2513 812 2565 probabilis
838 2514 1048 2553 admodum
1075 2523 1154 2552 est.

138 2580 226 2619 ¹29·
256 2566 347 2604 Inst.
378 2566 530 2618 primo.
578 2564 724 2618 Regula
752 2574 806 2604 est
847 2568 988 2605 criticis
1015 2568 1195 2605 omnibus

80 2628 168 2660 nota
183 2649 196 2668 ,
224 2631 284 2657 eos
303 2618 423 2658 libros
444 2632 512 2671 pro
531 2619 779 2671 supposititiis
795 2617 1014 2668 habendos,
1044 2621 1082 2657 in
1107 2621 1194 2672 qui,-

80 2673 154 2713 bus
183 2671 316 2725 aliqua
345 2673 593 2711 inveniuntur
621 2685 665 2709 eo
693 2669 872 2721 auctore,
915 2672 1027 2724 cujus
1054 2686 1193 2712 nomen

82 2726 324 2779 praeferunt,
353 2726 586 2777 posteriora3
615 2725 679 2764 sed
702 2726 826 2777 reipsa
854 2724 975 2764 multa
1004 2728 1042 2764 in
1063 2725 1196 2764 Penta-

83 2778 220 2817 teucho
238 2787 344 2828 suut,
373 2778 518 2832 Moyse
531 2779 638 2830 longe
664 2781 888 2831 posteriora:
909 2792 998 2831 ergo
1017 2778 1088 2816 Sec.
1120 2778 1197 2818 Mi-

84 2835 152 2871 nor
180 2830 447 2885 multipliciter
474 2832 680 2886 probatur,
723 2832 757 2869 δε
787 2833 915 2884 primo
941 2845 990 2869 ex·
1019 2831 1167 2870 Genesi
1182 2847 1198 2877 ;

83 2895 292 2939 nam'cap.
321 2883 412 2924 XII.
439 2884 479 2924 6.
504 2883 671 2933 dicitur:
707 2889 960 2936 pertransivit-
989 2884 1198 2937 Abraham

85 2947 240 2977 terram
268 2951 389 2990 usque
415 2938 470 2976 act
498 2939 629 2978 locum
656 2938 815 2982 Siclzem
832 2969 844 2988 ,
873 2951 992 2990 usque
1020 2938 1075 2977 acl
1105 2952 1198 2977 con-

85 2993 230 3032 vallem
258 2992 452 3030 illustrem
466 3007 482 3037 ,-
528 2991 784 3031 Chananoeus
814 3002 954 3031 autem
981 3002 1073 3031 tunc
1110 3000 1198 3031 erat:

32 3073 36 3076 -
88 3050 130 3084 z'n
157 3043 296 3084 terra.
346 3044 535 3084 Postrema
563 3044 647 3084 haec
676 3045 793 3085 verba
822 3049 1013 3094 innuunt,
1056 3046 1125 3084 hoc
1155 3060 1199 3084 eo

85 3108 255 3152 tempore
296 3100 481 3151 scriptum
511 3099 652 3147 fuisse,
692 3113 772 3153 quo
801 3101 1044 3139 Chananaeus
1076 3101 1198 3137 fuerat

89 3146 171 3203 jain
199 3167 220 3190 a
249 3161 347 3190 terra
377 3152 445 3190 illa
472 3150 677 3204 expulsus,
706 3154 807 3205 quod
837 3153 947 3207 longe
975 3162 1055 3206 post
1084 3152 1199 3206 Moy-

89 3206 140 3243 sis
168 3205 315 3243 obitum
344 3206 529 3258 contigit.

150 3257 238 3297 150.
266 3257 436 3298 Ulterius
463 3258 585 3304 multa
614 3254 783 3298 locorum
801 3290 812 3308 ,
847 3260 881 3297 &
910 3262 1107 3300 civitatum
1136 3273 1202 3299 no-

91 3311 197 3350 mina
224 3321 492 3363 recensentur,
533 3327 622 3366 quae
653 3314 803 3352 nonnisi
845 3324 924 3366 post
954 3315 1131 3366 Moyse-m
1161 3316 1202 3353 iu

2219 109 2299 149 105

1253 190 1323 229 usu
1350 176 1522 215 fuerunt.
1567 175 1662 227 Cap.
1692 176 1743 215 X.
1778 190 1838 216 rr.
1868 188 2100 219 memoratur
2129 182 2260 222 civitas
2287 183 2359 223 Μ-

1252 236 1365 279 mre,
1395 231 1495 280 quod
1524 241 1663 266 nomen
1694 246 1716 267 a
1746 230 1842 268 Nino
1872 241 2030 272 tractum
2060 236 2196 284 fuisse,
2225 238 2362 278 Strabo

1253 286 1358 323 docet
1385 284 1494 322 Libr.
1524 280 1631 321 XVI.
1665 281 1919 334 Geogrnp⁷z.:
1968 286 2091 332 Ninus
2129 300 2255 330 autem
2285 294 2358 331 fuit

1254 337 1389 389 Moyse
1410 336 1519 387 longe
1540 336 1722 388 posterior
1738 362 1749 373 .
1768 337 1863 387 Cap.
1886 337 1992 375 XIV.
2021 341 2079 385 14.
2100 345 2233 382 civitas
2253 360 2360 398 quae-

1253 391 1342 429 dam
1372 390 1586 443 appellatur
1616 388 1740 436 Dan,
1769 402 1857 440 quae
1889 388 2023 441 Moyse
2053 394 2199 432 vivente
2229 399 2360 451 appel-

1255 442 1408 481 labatur
1437 443 1558 491 Lais,
1588 456 1651 481 seu
1680 441 1855 482 Lezem.
1885 442 1979 478 Item
2009 443 2135 483 XXII.
2170 449 2229 493 14.
2260 466 2374 491 mous,

1258 496 1397 535 Illorut
1426 496 1642 549 appellatur
1670 494 1870 534 Dominus
1899 494 2020 543 ridet,
2052 497 2112 535 vel
2141 503 2264 549 potius
2284 504 2365 542 Do-

1259 554 1389 588 minus
1417 548 1655 600 providebiffl
1683 549 1784 602 quod
1805 562 1942 588 nomen
1973 552 2122 588 nonnisi
2150 565 2193 588 eo
2222 563 2365 607 tempo.

1255 616 1294 640 re
1323 604 1508 651 obtinuit,
1547 616 1622 656 quo
1651 615 1759 641 mous
1786 602 1851 643 itte
1881 603 1953 640 fuit
1983 604 2116 654 templi
2145 605 2365 646 aedificatio-

1255 657 1295 693 ni
1326 657 1553 695 destinatus.
1604 655 1750 694 Eadem
1780 658 1922 695 ratione
1964 657 2104 708 saepitis
2133 672 2369 700 memoratur

1256 707 1425 748 Hebron,⁸
1451 709 1554 748 Gen.
1575 709 1721 748 XXIII.
1754 722 1818 761 27.
1847 709 1949 762 quod
1978 724 2114 749 nomen
2143 711 2280 764 Moyse
2309 728 2367 753 re-

1255 764 1400 800 centius
1429 772 1505 809 est5
1550 764 1682 802 civitas
1711 765 1815 801 enim
1856 763 1926 801 illa
1956 763 2165 802 vocabatur
2192 766 2369 806 Kariatlt

1256 811 1387 860 Arbe,
1418 825 1456 852 ut
1485 815 1676 868 colligitur
1705 830 1750 854 ex
1779 816 1889 855 Josue
1917 813 2028 854 XIV.
2066 819 2125 857 15.
2155 819 2286 858 Etiam
2312 821 2368 859 Ur

1261 865 1539 905 Chaldaeorum
1556 899 1566 917 ,
1596 869 1707 920 cujus
1734 871 1874 908 mentio
1894 869 1936 908 fit
1959 868 2107 910 Genes.
2128 871 2199 915 XI.
2223 874 2286 913 28.
2316 889 2369 914 ae-

1257 928 1330 957 tate
1358 918 1505 971 Moysis
1535 922 1740 960 vocabatur
1770 922 1915 961 Prulan
1946 925 2059 962 Aran
2077 941 2092 970 ‚·
2122 925 2155 962 ἃ
2184 937 2369 979 praeterea

1263 970 1442 1010 Clzalttoet
1473 975 1522 1012 ita
1552 976 1644 1012 dicti
1674 983 1757 1018 sunt
1786 991 1807 1012 a
1840 976 2054 1025 Chaldaeo,
2085 981 2151 1031 qui
2180 982 2371 1020 decimu-1-

1259 1035 1417 1078 quartus
1446 1026 1518 1063 fuit
1546 1040 1675 1063 eorum
1706 1040 1770 1064 rex
1789 1053 1798 1064 .
1832 1028 1979 1068 Genes.
2010 1032 2179 1070 XXXV.
2213 1047 2275 1074 21.
2305 1049 2370 1074 no·

1259 1080 1428 1117 minatur
1470 1081 1582 1117 turris
1612 1079 1750 1126 Eder,
1794 1094 1857 1118 seu
1885 1087 2044 1134 gregis,
2087 1087 2190 1137 quod
2232 1102 2369 1126 nomeu

1258 1130 1368 1184 longe
1398 1141 1479 1184 post
1500 1132 1677 1185 Moysem
1707 1133 1779 1169 fuit
1808 1135 1876 1170 uni
1897 1148 1942 1174 ex
1972 1129 2370 1179 turribusJerusalem

1257 1183 1444 1223 tributum
1462 1215 1473 1235 ,
1503 1195 1543 1223 ut
1573 1195 1672 1238 patet
1700 1199 1745 1223 ex
1775 1184 1921 1224 Esdroe
1943 1188 2007 1225 III.
2035 1202 2067 1226 1.
2097 1189 2194 1227 Item'
2222 1191 2371 1230 Genes.

1258 1237 1346 1277 XL.
1373 1240 1433 1277 15.
1463 1240 1603 1277 dicitur
1622 1239 1760 1290 Joseph
1781 1239 1952 1279 sublatus
1974 1240 2022 1279 de
2051 1251 2160 1279 terra
2182 1242 2371 1284 Hebraeo-

1258 1303 1376 1336 rum5
1404 1301 1440 1330 at
1460 1305 1549 1330 vero
1571 1301 1668 1337 terra
1699 1292 1788 1340 illa,
1819 1293 1917 1331 unde
1939 1294 2074 1346 ,Ioseph
2097 1296 2269 1337 sublatus
2298 1309 2372 1348 est,

1259 1344 1394 1397 Moyse
1438 1347 1587 1383 vivente
1628 1345 1837 1383 vocabatur
1874 1356 1983 1385 terra
2018 1347 2262 1401 Cizanaam,
2306 1367 2373 1392 nec

1259 1398 1336 1436 dici
1367 1401 1485 1450 potuit
1508 1408 1618 1436 terra.
1637 1398 1924 1449 Hehraeorwn,
1954 1403 2027 1447 nisi
2053 1409 2251 1455 postquam
2273 1406 2371 1444 Cha-

1258 1454 1404 1489 nanaeis
1434 1452 1598 1504 expulsis
1628 1451 1785 1490 Hebraei
1816 1467 1900 1490 eam
1930 1454 2196 1505 incoluerunt,
2237 1457 2374 1503 Moyse

1259 1503 1338 1556 jain
1360 1506 1436 1543 vita
1467 1506 1619 1544 functo.
1650 1504 1816 1546 Detnum
1840 1506 2033 1558 prophetae
2065 1511 2103 1547 in
2127 1509 2276 1548 Genesi
2302 1504 2369 1563 ap-

1257 1557 1452 1610 pellantur
1471 1558 1599 1604 Nabi3
1629 1571 1717 1595 cum
1747 1568 1874 1596 tamen
1904 1562 2058 1614 antiqua
2089 1562 2234 1614 Moysis
2264 1574 2372 1602 aetate

1258 1611 1473 1649 dicerentur
1504 1611 1610 1649 Roeh
1639 1611 1811 1649 silentes
1845 1626 1878 1650 1.
1909 1612 2006 1665 [ἱεῖς.
2038 1614 2107 1653 ΙΧ.
2138 1629 2176 1667 9.

1319 1664 1405 1703 151.
1437 1663 1548 1717 Resp.
1578 1664 1692 1702 Illum
1714 1666 1870 1703 Gritiees
1890 1679 2074 1705 canonem
2097 1672 2248 1717 valere,
2277 1686 2371 1723 quo-

1261 1719 1495 1770 tiescumque
1516 1717 1629 1757 firma
1658 1727 1963 1770 nonsuppetunt
1981 1721 2230 1761 fundamenta
2247 1753 2258 1770 ,
2287 1727 2373 1775 qui·

1259 1772 1332 1809 bus
1360 1771 1508 1809 librum
1537 1785 1613 1810 esse
1641 1773 1856 1823 genuinum
1885 1774 2045 1810 omnino
2074 1775 2372 1825 demonstret-ur,

1259 1825 1293 1860 ἃ
1314 1827 1626 1878 quotiescumque
1642 1823 1748 1862 nulla
1770 1824 1980 1875 probabilis
1997 1829 2090 1865 ratio
2111 1828 2216 1865 reddi
2236 1840 2348 1881 queat
2365 1858 2375 1877 ,

1261 1891 1330 1915 cur
1358 1877 1428 1916 illa
1456 1879 1660 1929 posteriora
1692 1879 1737 1915 iis
1766 1880 1805 1915 iu
1836 1877 1945 1915 libris
1977 1880 2246 1919 inveniantur.
2287 1883 2375 1921 Jam

1260 1930 1405 1976 vero‘&
1433 1930 1672 1968 solidissimis
1693 1931 1948 1969 fundamentis
1968 1931 2240 1972 Pentateuchus
2260 1933 2375 1980 Mov-

1260 1985 1291 2021 si
1313 1984 1497 2021 tribuitur
1513 2014 1523 2034 ,
1554 1993 1593 2021 ut
1612 1986 1787 2036 superius
1816 1985 1982 2023 vidimus
2000 2015 2010 2033 ‚
2041 1985 2075 2023 ἃ
2106 1988 2199 2025 ratio
2220 1981 2377 2041 insuper

1261 2037 1369 2075 reddi
1400 2044 1544 2089 potest,
1574 2051 1642 2075 cur
1671 2049 1716 2076 ea
1742 2039 1893 2086 omnia,
1920 2053 2011 2090 quae
2034 2040 2170 2091 Moyse
2200 2051 2286 2079 sunt
2307 2056 2375 2094 po-

1261 2091 1445 2138 steriora,
1473 2091 1516 2128 in
1546 2103 1602 2131 e0.
1617 2091 1864 2130 inveniantur
1881 2117 1891 2129 .

1323 2143 1411 2181 152.
1440 2142 1541 2181 Nam
1561 2151 1749 2195 quantum
1769 2144 1816 2181 ad
1836 2145 2031 2195 primum,
2052 2157 2095 2184 ea
2117 2145 2250 2184 verba-z
2274 2143 2377 2185 Cha·

1264 2208 1438 2234 nanaeus
1465 2204 1601 2234 autem
1623 2204 1716 2233 tunc
1735 2205 1825 2234 erat
1854 2200 1894 2233 z'n
1923 2206 2059 2246 terra,
2092 2199 2193 2237 hunc
2222 2210 2377 2251 possunt

1264 2261 1416 2287 sensum
1437 2249 1634 2286 commode
1662 2250 1840 2287 reddere:
1872 2246 2130 2290 chananaeus
2152 2253 2248 2303 jam
2275 2258 2378 2292 tem-

1263 2314 1356 2354 pore
1384 2300 1539 2340 Abram
1568 2310 1657 2339 erat
1685 2306 1726 2339 ἱη
1755 2312 1864 2340 terra
1894 2304 1964 2349 illa.
1979 2319 1996 2349 ,-
2035 2313 2074 2342 ut
2102 2306 2245 2344 scillcet
2274 2308 2376 2345 indi-

1265 2363 1392 2404 cetur,
1427 2369 1547 2408 quam
1576 2357 1754 2408 antiquus
1783 2365 1875 2394 esset
1894 2357 2206 2396 -Chananaeorum
2236 2360 2275 2396 in
2306 2360 2377 2400 illa.

1264 2417 1364 2447 terra
1394 2408 1601 2447 incolatus.
1649 2409 1774 2462 Atque
1803 2411 1842 2448 id
1863 2411 2060 2461 significat
2104 2413 2288 2462 particula
2320 2420 2375 2466 ῑκ

1265 2475 1315 2499 az
1344 2462 1400 2499 ibi
1429 2461 1630 2508 adhibita3
1660 2463 1762 2515 quod
1791 2464 1905 2502 etiam
1929 2463 1973 2502 R.
1995 2464 2221 2504 Aben-Ezra
2245 2466 2379 2504 adver-

1266 2516 1387 2554 sarius
1407 2524 1530 2553 noster
1551 2519 1722 2554 notavit.
1753 2517 1842 2555 Dici
1863 2518 1975 2566 etiam
1997 2527 2132 2569 potest,
2163 2517 2260 2557 hanc
2279 2532 2376 2571 qua-

1263 2570 1295 2607 si
1324 2567 1578 2621 parenthesim
1606 2569 1722 2607 fuisse
1763 2568 1813 2608 ab
1842 2569 1974 2623 aliquo
2002 2570 2080 2609 alio
2116 2582 2240 2622 postea
2269 2572 2374 2623 adje-

1264 2631 1394 2660 ctam.
1443 2621 1527 2659 Non
1564 2623 1717 2673 desunt,
1758 2624 1826 2675 qui
1856 2632 2015 2675 putent,
2060 2624 2142 2662 haec
2185 2640 2206 2664 a
2238 2624 2376 2678 Moyse

1262 2675 1484 2728 prophetice
1499 2675 1614 2713 fuisse
1633 2677 1796 2727 scripta,
1815 2678 1925 2728 quasi
1941 2678 2080 2715 diceret
2098 2676 2417 2728 Clztznanaeus,·⁷‘

1264 2741 1382 2780 quem
1411 2742 1476 2765 ros
1504 2727 1732 2778 expellens,
1763 2738 1852 2766 erat
1880 2734 1920 2766 ιή
1949 2739 2058 2767 terra
2088 2730 2177 2769 illa.

1325 2781 1413 2819 155.
1444 2781 1502 2819 Ad
1535 2794 1570 2820 2.
1600 2781 1645 2819 de
1666 2783 1782 2820 variis
1806 2783 2026 2820 nominibus
2055 2781 2126 2822 Sec.
2157 2796 2257 2838 resp.
2286 2797 2376 2824 cum

1265 2832 1441 2873 Bossneto
1469 2833 1690 2887 (Discours
1718 2847 1785 2872 sur
1811 2835 1933 2873 l'lzist.
1955 2840 2056 2873 univ.
2079 2835 2189 2876 P.·11.
2220 2852 2254 2876 c.
2279 2839 2376 2888 28.)

1265 2886 1350 2925 haec
1368 2917 1377 2935 ,
1408 2884 1548 2926 &alia
1577 2889 1736 2927 minoris
1764 2889 1945 2927 momenti
1976 2888 2138 2941 potuisse
2166 2887 2376 2945 abaliquo

1265 2940 1343 2978 alio
1382 2940 1561 2992 scriptore
1602 2945 1862 2992 θεοσπνέιςυ,
1907 2951 1997 2994 puta
2034 2940 2172 2993 Josue,
2215 2955 2278 2982 aut
2305 2947 2374 2984 Sa*

1266 2993 1392 3032 muele
1428 2994 1544 3041 addi,
1587 2991 1648 3030 vel
1678 2994 1875 3033 immutari
1906 2995 2076 3047 -majoris
2112 2997 2377 3050 'explicationis

1265 3049 1413 3098 gratia,
1444 3060 1491 3083 ne
1520 3045 1663 3084 scilicet
1691 3060 1716 3083 a
1742 3047 1962 3087 nominibus
1993 3051 2295 3105 ignotis'aliquae
2325 3061 2375 3089 te-

1267 3100 1397 3138 nebrae
1429 3112 1534 3138 sacro
1562 3099 1678 3137 textui
1706 3099 2017 3142 effunderentur.
2064 3100 2113 3141 Et
2143 3105 2294 3143 fortasse
2323 3112 2373 3141 et-

1268 3154 1346 3190 iam
1375 3155 1479 3204 prius
1509 3153 1546 3190 in
1575 3151 1747 3204 margine
1783 3151 1867 3193 haec
1896 3165 2021 3196 nostra
2049 3166 2158 3207 sunt,
2201 3167 2278 3210 post
2307 3167 2373 3194 au-

1272 3215 1346 3243 tem
1375 3219 1421 3242 ex
1452 3207 1621 3256 margine
1642 3207 1681 3244 in
1700 3213 1842 3253 textum
1863 3210 2002 3248 sensim
2025 3212 2276 3249 transierunt.
2305 3209 2375 3246 Ce-

1271 3269 1393 3310 terum
1412 3258 1508 3299 baec
1538 3259 1638 3298 levia
1666 3269 1775 3308 sunt,
1818 3256 2112 3302 &adversarios
2148 3261 2376 3313 provocabat

1269 3312 1371 3351 laud.
1401 3310 1623 3361 Bossuetus,
1654 3321 1692 3350 ut
1721 3314 1893 3365 aliquam
1923 3316 2151 3355 additionem
2179 3315 2376 3353 ostendant

2282 3382 2323 3405 ιιι

2247 3413 2254 3429 Χ
