2564 3706
236 74 319 114 136

167 151 295 200 magni
326 146 429 184 enim
459 146 639 190 interest,
668 140 812 194 quibus
842 142 1009 181 fontibus
1038 142 1181 180 Divina
1213 153 1269 176 re-

169 203 306 242 velatio
345 199 605 245 contineatur,
649 194 682 230 8<
711 209 778 247 per
815 208 909 247 quos
950 194 1100 234 canales
1129 194 1174 230 ad
1204 205 1270 228 nos

168 267 287 304 usque
314 251 567 288 dimanaverit
585 279 595 297 ,
625 249 878 287 determinare
893 274 905 287 .
935 249 1070 287 Danda
1091 256 1140 283 est
1158 245 1271 294 igitur

167 318 310 356 opera,
341 312 380 340 ut
409 302 492 340 haec
522 304 681 340 materia
709 303 887 353 copiose,
929 311 1040 352 atque
1069 305 1270 342 accurate,

167 366 209 395 ut
238 370 308 409 par
335 364 416 406 est,
446 354 693 409 pertralletur
721 357 786 409 (a)
803 380 816 393 .

575 461 800 501 CAPUT
841 460 872 497 Ι.

364 568 469 621 Quid
497 573 544 607 sit
574 567 752 613 traditio,
781 565 830 605 ὠ
859 560 1098 613 quotuplex,

444 624 502 672 ,ἔθ’
532 626 696 673 quinam
725 619 812 670 ejus
841 615 968 654 hostes
983 614 1008 652 ?

225 743 263 782 7.
286 706 547 775 Traditionis
576 737 738 772 nomen,
785 723 816 761 si
845 722 1058 773 generatim
1102 721 1272 773 accipia-

163 790 255 832 tur,
300 782 512 822 doetrinam
544 777 730 830 significat
760 776 810 814 ab
841 789 915 813 uno
952 774 1062 813 alteri
1094 775 1273 812 traditam

165 837 246 874 nive
274 851 391 882 voce,
438 835 515 871 sive
550 834 709 882 scripto:
753 830 853 867 unde
882 827 1041 867 Satistus
1072 827 1213 867 Paulus
1237 842 1273 866 2.

167 889 342 928 Thessal.
364 889 411 926 ΙΙ.
437 887 497 924 15.
522 883 668 922 Tenete
684 913 694 930 ,
716 884 842 936 inquit
859 912 870 930 ‚
900 882 1156 929 traditiones,
1173 895 1274 932 quas

169 941 358 980 didicistis
375 970 385 988 ‚
425 943 503 976 sive
531 951 600 991 per
629 950 857 976 sermonem
875 966 885 986 ‚
929 940 1008 974 sive
1035 949 1106 987 per
1134 939 1274 986 episto-

168 996 254 1032 lanz
283 1003 465 1032 nostram
483 1019 493 1030 .

220 1048 260 1086 8.
290 1048 364 1084 Hic
392 1055 519 1090 tamen
548 1045 759 1084 traditionis
795 1056 936 1083 nomen
979 1043 1144 1080 sumitur
1173 1056 1276 1094 pres-

166 1102 243 1139 sius
271 1114 341 1154 pro
369 1112 440 1148 en,
483 1098 586 1150 quod
614 1113 642 1136 a
672 1098 760 1136 Deo
781 1097 997 1135 revelatum
1028 1105 1085 1133 est
1103 1126 1112 1144 ,
1151 1095 1220 1132 sed
1247 1109 1275 1132 a

164 1156 273 1192 millo
287 1152 448 1192 austere
462 1155 659 1190 canonico
679 1153 818 1189 litteris
839 1149 1083 1188 mandatum
1102 1152 1116 1199 (
1133 1149 1274 1186 Franc.

169 1208 359 1246 Veronius
390 1207 429 1243 in
460 1204 615 1258 Regula
659 1204 752 1243 fidei
795 1204 962 1256 append.
993 1201 1032 1254 ᾗ.
1054 1203 1094 1247 4.
1124 1202 1164 1249 ):
1207 1215 1271 1238 seu

170 1274 240 1314 pro
268 1258 440 1298 dostrina
470 1275 490 1297 a
519 1259 696 1306 Christo,
738 1257 897 1309 ejusque
939 1254 1141 1306 discipulis
1183 1255 1274 1291 viva

166 1327 259 1353 voce
288 1322 435 1351 tantum
464 1312 746 1350 communicata
764 1339 774 1357 ,
804 1309 982 1360 quamvis
1010 1316 1135 1359 postea
1164 1306 1213 1343 ab
1235 1321 1275 1344 a·

169 1366 233 1406 iiis
263 1367 378 1405 suerit
407 1366 521 1402 etiam
551 1364 686 1400 litteris
714 1363 950 1412 consignata.

222 1434 262 1472 9.
292 1417 447 1469 Duplex
476 1425 528 1454 est
558 1425 685 1453 autem
716 1414 929 1452 traditionis
959 1413 1140 1464 partitio,
1184 1411 1277 1450 alte-

169 1487 209 1511 ra
241 1474 383 1510 ratione
421 1470 620 1516 materiae,
664 1482 729 1505 seu
757 1465 926 1518 objefti,
971 1464 1089 1503 altera
1135 1468 1277 1503 ratione

166 1525 379 1578 principii.
420 1523 522 1560 Nam
552 1523 697 1561 ratione
727 1521 899 1559 materiae
931 1517 1009 1557 alia
1037 1527 1089 1556 est
1127 1519 1279 1556 traditio

166 1579 388 1630 dogmatum
418 1576 536 1624 fidei,
574 1575 651 1614 alia
680 1582 962 1627 praeceptorum
980 1603 990 1620 ,
1034 1586 1122 1624 quae
1155 1585 1278 1609 mores

164 1629 359 1684 ερεᾶαυῑ,
389 1629 423 1666 8<
452 1628 529 1668 alia
557 1629 716 1667 demum
746 1641 880 1665 eorum
898 1657 909 1674 ‚
948 1639 1036 1677 quae
1066 1626 1114 1664 ad
1144 1625 1279 1663 Eccle-

163 1689 231 1724 siae
260 1682 506 1736 disciplinam
536 1683 726 1735 pertinent
745 1707 758 1720 .
803 1681 905 1728 Quae
947 1680 1088 1718 divisio
1116 1680 1203 1716 satis
1232 1691 1277 1715 ex

169 1752 209 1777 se
238 1737 340 1777 clara
371 1736 625 1789 explicatione
654 1749 726 1774 non
756 1734 926 1785 indiget.

226 1805 286 1828 io.
318 1789 474 1827 Ratione
515 1803 607 1828 vero
636 1789 824 1841 principii
852 1786 1078 1825 dividuntur
1104 1785 1278 1823 traditio-

167 1857 232 1882 nes
261 1845 299 1881 in
329 1842 481 1880 divinas
499 1873 509 1890 ‚
540 1842 573 1878 8<
594 1842 891 1880 ecclesiasticas
909 1866 919 1878 .
950 1839 1107 1877 Divinae
1139 1839 1279 1877 iterum

174 1897 461 1947 distinguuntur
490 1896 528 1932 iu
558 1909 619 1933 eas
638 1925 648 1942 ,
678 1908 765 1947 quae
796 1909 817 1931 a
835 1892 987 1931 Christo
1007 1892 1176 1930 Domino
1205 1895 1280 1929 im-

176 1948 354 1988 mediate
382 1962 493 1986 suam
522 1948 710 1999 originem
740 1948 912 1993 ducunt,
942 1945 977 1981 8(
1006 1946 1044 1982 in
1072 1958 1158 1992 eas,
1187 1958 1281 1996 quas

171 2017 246 2042 non
275 2018 297 2042 a
323 2001 498 2048 Christe,
529 2002 592 2038 sed
622 2000 671 2039 ab
693 1998 883 2052 Apostolis
913 1998 1059 2049 accepit
1079 1996 1281 2034 Ecclesia.

172 2058 275 2096 Inter
305 2057 449 2106 primas
480 2063 693 2092 recensetur
733 2053 888 2090 traditio
916 2051 1253 2089 sacramentorum
1271 2079 1282 2097 ‚

169 2122 259 2161 quae
290 2107 460 2145 Christus
491 2108 570 2158 ipse
599 2106 786 2153 instituit,
815 2113 928 2157 atque
949 2102 1139 2155 Apostolis
1166 2102 1284 2140 tradi-

171 2163 275 2201 tione
304 2159 460 2213 reliquit
482 2184 493 2197 .
523 2159 608 2198 Istae
638 2158 859 2197 traditiones
880 2158 1011 2198 vocari
1029 2156 1286 2194 communiter

217 2309 267 2344 (a)
290 2303 422 2337 Narrat
449 2305 659 2338 Sozo-menus
685 2302 764 2337 Lib.
781 2301 861 2336 Vll.
886 2300 986 2335 Hist.
1005 2299 1224 2334 Ecclesiast.
1251 2310 1282 2333 c.

176 2362 208 2385 ι.
233 2349 472 2384 Theodosium
497 2352 623 2395 Imper·
660 2348 704 2383 ad
742 2346 911 2383 finiendas
947 2347 1203 2381 controversias
1240 2344 1283 2380 de

174 2398 351 2431 Trinitate
365 2419 378 2437 ‚
403 2409 480 2442 quae
506 2409 547 2430 eo
570 2406 727 2441 tempore
745 2395 943 2429 Ecclesiam
961 2394 1151 2428 turbabant
1166 2415 1177 2434 ‚
1201 2405 1284 2427 con-

173 2444 252 2477 silio
264 2443 414 2476 Nectarii
429 2442 641 2477 Patriarchae
654 2441 1033 2485 Constantinopolitani
1048 2463 1059 2482 ,
1084 2440 1285 2485 proposuis-

174 2502 210 2523 se
235 2490 417 2523 variarum
444 2491 619 2524 &istarum
645 2488 885 2533 principibus,
911 2495 950 2519 ut
975 2498 1017 2519 ex
1033 2495 1193 2519 veterum
1213 2487 1286 2520 Do·

175 2540 330 2576 storum,
356 2544 460 2579 atque
487 2537 600 2568 Sacrae
628 2536 819 2579 Scriptura!
847 2534 1084 2576 interpretum
1109 2531 1285 2573 doctrina,

175 2581 241 2616 hoc
266 2591 319 2615 est
337 2583 482 2627 antiqua
496 2582 641 2615 Patrum
661 2579 847 2614 traditione
863 2600 874 2620 ‚
898 2579 1018 2612 omnia
1035 2578 1286 2619 definirentur3

178 2629 342 2663 Sectarios
367 2640 451 2662 vero
475 2626 510 2661 id
526 2627 752 2661 detrectasse.
779 2627 833 2659 Ex
859 2638 928 2670 qua
947 2625 1094 2658 historia
1120 2633 1286 2669 apparet,

179 2679 210 2708 δι
235 2684 393 2708 veterum
411 2674 676 2708 Catholicornm
702 2684 835 2706 morem
853 2672 960 2705 fuisse
974 2694 985 2712 ‚
1025 2672 1060 2704 in
1086 2671 1189 2704 rebus
1208 2669 1287 2704 fidei

180 2720 405 2754 traditionem
431 2721 610 2755 consulere
625 2742 636 2762 ‚
662 2724 693 2753 ἃ
717 2719 965 2754 haereticorum
983 2719 1112 2752 vitium
1130 2715 1286 2751 eamdem

180 2778 340 2811 respuere
354 2791 364 2801 .

228 2815 272 2852 (b)
295 2814 498 2848 Calvinistae
525 2821 665 2854 tamen,
689 2813 749 2857 qui
777 2812 813 2845 in
839 2812 967 2856 Anglia
988 2811 1216 2856 Episcopales
1234 2809 1287 2843 di-

185 2868 310 2891 cuntur
326 2881 335 2899 ,
371 2861 453 2904 quia
479 2859 768 2894 Ecclesiasticam
793 2858 1031 2892 hierarchiam
1055 2867 1178 2891 contra
1203 2857 1289 2890 Pre-

184 2905 405 2948 sbyterianos
418 2908 473 2939 vel
487 2906 674 2941 Puritanos
693 2913 945 2940 conservarunt
960 2926 971 2944 ,
996 2905 1204 2949 apostolicas
1217 2912 1290 2937 tra-

183 2948 330 2982 ditiones
356 2952 535 2986 nobiscum
561 2951 779 2993 admittunt,
805 2961 844 2985 ut
870 2950 981 2984 videri
1008 2959 1122 2996 potest
1148 2951 1183 2983 in
1207 2963 1291 2995 prae-

177 2996 252 3040 sat.
280 2994 321 3028 ad
347 2998 506 3038 epistolas
531 3000 585 3032 Jo.
614 2999 763 3032 Launoii
784 2998 1020 3042 Cantabrigiae
1043 2998 1147 3040 1699.
1173 2998 1209 3030 in
1228 2997 1292 3031 fol.

186 3050 262 3076 tum
289 3040 379 3086 apud
405 3043 513 3075 Guill.
538 3045 764 3089 Beveregium
788 3045 823 3077 in
849 3044 945 3089 praef.
971 3046 1020 3078 ad
1038 3044 1202 3076 Codicem
1222 3044 1291 3076 Ca-

188 3101 306 3121 nonum
323 3086 493 3119 Ecclesiae
518 3095 694 3130 primitivae
707 3115 715 3123 .
741 3091 898 3125 Celebris
917 3091 1024 3124 etiam
1043 3090 1204 3123 Molanus
1219 3090 1292 3124 Ab-

188 3135 251 3168 bas
277 3133 317 3166 de
346 3133 501 3165 Lockum
528 3135 745 3170 Lutheranus
781 3149 850 3170 non
890 3136 1077 3171 admodum
1113 3135 1291 3169 difficilem

188 3192 224 3214 se
250 3180 286 3212 in
310 3177 518 3224 recipiendis
545 3179 790 3216 traditionibus
807 3184 1012 3217 ostendebat
1037 3180 1129 3227 apud
1147 3183 1292 3215 Bossue-

189 3234 267 3259 tum
292 3226 392 3258 Tem.
420 3227 446 3258 1.
472 3225 618 3259 (fluores
642 3229 834 3268 posthumes
858 3229 940 3262 edit.
958 3230 1106 3268 Amstel.
1129 3229 1231 3263 1353.
1257 3230 1294 3261 in

190 3271 223 3315 4.
251 3283 285 3318 p.
304 3283 359 3316 70.
384 3274 417 3305 &
441 3283 514 3317 seq.
541 3272 591 3307 ita
614 3273 709 3305 enim
732 3273 848 3317 ajebat
874 3276 910 3308 in
936 3277 1006 3309 suis
1024 3279 1170 3321 privatis
1196 3279 1295 3321 cogi-

818 60 967 106 PARS
1002 61 1060 106 11.
1092 58 1497 105 DISSERTATIO
1530 58 1564 101 Ι.
1597 56 1725 102 CAP.
1757 57 1794 100 Ι.

1338 138 1453 175 solent
1482 136 1670 187 peculiari
1713 136 1880 188 quadam
1917 135 2061 174 ratione
2091 134 2274 184 Dicunt,
2317 137 2376 176 vel
2407 151 2445 178 e-

1338 191 1432 227 tiam
1453 188 1705 225 Dominicae.
1734 188 1969 240 Exemplum
1990 189 2156 227 aliarum
2178 191 2450 238 traditionum,

1342 254 1430 293 quae
1461 241 1641 278 dicuntur
1670 240 1935 288 Apostolicoe‚
1977 245 2191 294 suppeditat
2221 244 2371 280 traditio
2401 243 2450 281 li-

1342 294 1502 332 brorum
1531 293 1814 330 canonicorum
1844 293 1892 330 N.
1923 293 1993 341 T.‚
2023 309 2108 345 quae
2141 312 2161 334 a
2191 296 2340 334 Christo
2371 297 2449 333 Do-

1342 348 1450 385 mino
1477 344 1712 383 immediate
1740 346 1861 397 repeti
1882 358 1952 382 non
1982 355 2122 396 potest;
2151 350 2217 387 diu
2243 351 2345 388 enim
2370 356 2450 401 post

1342 399 1426 452 ejus
1454 400 1708 438 ascensionem
1738 400 1780 437 in
1800 398 1945 436 coelum
1976 398 2013 436 hi
2035 398 2124 437 libri
2146 405 2345 455 conscripti
2369 405 2451 440 fue-

1343 461 1457 492 runt.
1487 452 1583 491 Sunt
1604 462 1730 490 tamen
1752 451 1785 487 &t
1806 452 1886 490 istae
1908 453 2126 490 traditiones
2145 452 2302 493 Divinae
2318 486 2328 504 ,
2358 457 2451 509 quia

1347 507 1398 544 ab
1427 504 1617 558 Apostolis
1654 513 1870 556 suggerente
1899 505 2046 557 Spiritu
2077 505 2214 543 Sancto
2255 509 2364 547 nobis
2395 522 2450 546 re-

1347 558 1449 596 116}ae
1480 568 1592 604 sunt3
1635 559 1813 609 quamvis
1857 558 2014 609 majoris
2054 557 2304 598 distinflionis
2332 563 2451 611 gratia

1348 612 1490 650 soleant
1520 611 1709 663 appellari
1739 612 2003 662 Apostolicae:
2035 611 2067 647 &
2098 613 2180 650 haec
2211 609 2400 651 distinfflo
2430 631 2452 653 a

1341 664 1517 703 Patribus
1546 666 1658 702 etiam
1688 665 1852 702 Concilii
1883 664 2102 703 Tridentini
2133 666 2230 703 sess.
2255 666 2322 704 lV.
2354 666 2451 705 fasta

1340 720 1414 756 fuit
1446 722 1460 769 (
1491 718 1571 757 vid.
1600 718 1703 755 infra
1731 732 1840 756 num.
1868 718 1927 757 15.
1961 719 2184 766 ).A·1.bae
2218 722 2295 756 imao
2337 721 2453 757 tradi-

1341 774 1458 811 tiones
1488 772 1720 809 constituunt
1751 771 1927 809 Verbum
1957 771 2030 808 Dei
2062 786 2133 810 non
2163 777 2349 825 scriptum
2368 801 2378 811 .

1403 840 1414 863 1
1432 839 1464 863 1.
1496 825 1594 863 Aliae
1612 826 1775 876 denique
1794 834 1877 862 sunt
1898 825 2181 863 ecclesiasticae
2198 857 2208 872 ‚
2237 841 2323 878 quae
2346 840 2450 865 nem-

1343 893 1389 933 pe
1420 887 1611 931 praecepta
1640 880 1821 931 quaedam
1852 880 2072 927 continent,
2115 879 2163 916 ab
2193 879 2365 918 Ecclesia
2396 895 2451 918 se-

1342 933 1549 985 quentibus
1595 932 1830 984 temporibus
1861 933 2067 985 imposita3
2110 932 2327 983 cujusmodi
2369 941 2456 971 sunt

1341 986 1582 1023 observantia
1611 987 1867 1036 quarumdam
1899 987 2147 1024 festivitatum
2172 1016 2181 1034 s
2226 985 2455 1025 abstinentia

1343 1041 1453 1077 certis
1483 1039 1617 1076 diebus
1646 1054 1667 1075 a
1697 1039 1878 1076 carnibus
1897 1069 1906 1087 ‚
1939 1038 1996 1077 vel
2022 1040 2135 1077 etiam
2168 1055 2187 1077 a
2219 1038 2424 1078 lacticiniis
2444 1070 2457 1089 ‚

1345 1093 1415 1130 διε.
1448 1092 1503 1129 De
1533 1091 1591 1128 liis
1621 1092 1889 1130 traditionibus
1919 1092 2212 1140 ecclesiasticis,
2255 1092 2359 1131 nulla
2393 1107 2457 1131 no-

1343 1145 1403 1182 bis
1434 1147 1473 1182 in
1494 1147 1783 1195 praesentiarum
1818 1154 1869 1182 est
1890 1148 2172 1192 controversia3
2202 1148 2458 1199 quamobrem

1342 1211 1414 1235 nec
1435 1198 1659 1234 minutiores
1683 1211 1816 1236 earum
1832 1200 2035 1237 divisiones
2057 1202 2230 1251 persequi
2248 1199 2426 1238 volumus
2442 1226 2454 1238 .

1404 1264 1463 1287 η.
1493 1250 1568 1286 Sed
1597 1259 1670 1287 tota
1700 1253 1951 1289 controversia
1980 1262 2032 1288 est
2061 1254 2105 1288 de
2136 1254 2223 1290 solis
2244 1254 2456 1291 traditioni·

1341 1302 1414 1340 bus
1428 1303 1569 1340 divinis
1586 1331 1596 1350 ,
1626 1302 1896 1352 &japostolicis
1913 1333 1923 1350 ‚
1954 1318 2039 1354 quae
2061 1305 2109 1340 ad.
2139 1305 2254 1342 fidem
2272 1336 2281 1353 ,
2313 1320 2451 1343 mores-

1343 1369 1418 1408 que
1449 1356 1658 1408 pertinent.
1701 1355 1766 1393 Est
1797 1364 1922 1392 autem
1955 1355 2038 1393 haec
2070 1359 2324 1395 controversia
2370 1372 2462 1396 cum

1345 1408 1541 1457 LutherO,
1578 1409 1767 1457 Calvino,
1798 1408 1962 1460 aliisque
1980 1439 1990 1457 ,
2018 1410 2084 1461 qui
2117 1418 2204 1447 ante
2233 1411 2308 1447 duo
2336 1424 2457 1449 saecu-

1344 1462 1382 1500 la
1414 1460 1586 1500 luctuoso
1615 1462 1815 1500 schismate
1846 1462 1894 1500 ab
1916 1462 2090 1500 Ecclesia
2109 1462 2308 1501 catholica
2337 1464 2460 1503 desci-

1346 1525 1512 1555 verunt.
1554 1516 1793 1554 Contendunt
1822 1529 1987 1567 nempe,
2033 1525 2177 1564 totam,
2206 1525 2347 1569 quanta
2377 1526 2457 1566 est,

1346 1570 1520 1607 divinam
1563 1569 1834 1608 revelationem
1873 1571 1910 1606 in
1940 1570 2028 1607 solis
2071 1569 2203 1608 litteris
2246 1572 2460 1619 contineri,

1346 1637 1442 1675 quas
1472 1623 1636 1675 proinde
1666 1624 1822 1662 unicam
1866 1622 1955 1662 fidei
1999 1632 2138 1662 nostrae
2182 1624 2355 1677 regulam
2384 1638 2461 1664 esse

1347 1676 1478 1716 volunt
1508 1675 1565 1728 (b)
1584 1702 1595 1714 .

1407 1729 1467 1767 13.
1497 1731 1633 1768 Contra
1662 1743 1754 1767 vero
1781 1729 1969 1770 Catholici
2001 1745 2075 1769 una
2104 1745 2192 1769 cum
2223 1730 2459 1770 sacrosantis.

1348 1783 1524 1821 ’Tridenr.
1562 1781 1716 1834 Synodo
1745 1783 1843 1822 Sess.
1864 1784 1932 1821 IV.
1964 1781 2189 1836 profitentur
2231 1787 2428 1823 veritatem
2447 1815 2460 1833 ‚

1348 1836 1383 1873 8(
1412 1835 1658 1887 disciplinam
1676 1866 1686 1885 ‚
1717 1850 1836 1889 quam
1858 1837 2050 1875 Dominus
2079 1847 2203 1876 noster
2223 1838 2329 1875 Jesus
2348 1837 2461 1876 Chri-

1349 1900 1427 1928 stus
1457 1889 1531 1928 Dei
1561 1888 1667 1927 filius
1697 1892 1855 1942 proprio
1883 1904 1947 1928 ore
1977 1892 2150 1943 primum
2182 1891 2460 1942 promulgavit,

1348 1943 1484 1980 deinde
1515 1955 1583 1994 per
1612 1956 1697 1980 suos
1717 1944 1913 1994 Apostolos
1943 1946 2147 1996 praedicari
2178 1946 2313 1995 jussit,
2344 1945 2463 1982 conti-

1349 1997 1435 2033 neri
1463 1996 1502 2032 in
1532 1995 1644 2032 libris
1672 1997 1823 2046 scriptis
1844 2025 1854 2043 ‚
1899 1997 1932 2032 &
1962 1999 2041 2035 sine
2070 1998 2211 2047 scripto
2248 1998 2463 2036 traditioni-

1350 2047 1423 2085 bus
1440 2077 1450 2095 ,
1493 2059 1583 2098 quae
1611 2050 1731 2096 ipsius
1764 2046 1905 2084 Clzristi
1933 2061 2002 2086 ore
2030 2048 2082 2086 ab
2110 2049 2308 2098 Apostolis
2346 2062 2464 2089 acce-

1351 2110 1457 2152 ptae,
1487 2097 1538 2137 ab
1566 2103 1651 2137 istis
1681 2100 1877 2150 Apostolis
1906 2100 2053 2153 Spiritu
2081 2100 2230 2140 santio
2259 2101 2434 2142 afflante
2451 2133 2464 2153 ‚

1352 2157 1468 2206 quasi
1495 2165 1566 2206 per
1594 2166 1744 2192 manus
1782 2153 1947 2193 traditae
1975 2155 2030 2194 ad
2058 2169 2132 2195 nos
2167 2169 2288 2209 usque
2328 2171 2462 2209 perve-

2336 2224 2407 2250 ne·

1352 2298 1541 2334 tationibus
1565 2300 1611 2333 de
1629 2300 1787 2334 methodo
1812 2303 1990 2335 reunionis
2007 2300 2179 2336 Ecclesiae
2192 2303 2464 2338 Protestantium

1349 2359 1425 2380 cum
1449 2347 1615 2380 Ecclesia
1635 2347 1783 2381 Romana
1808 2348 2003 2382 catholica.
2030 2349 2086 2381 De
2112 2351 2358 2384 traditionibus
2373 2372 2385 2391 ,
2413 2355 2465 2384 si-

1353 2406 1389 2427 ve
1416 2394 1512 2426 verbo
1537 2393 1608 2425 Dei
1634 2406 1699 2426 non
1727 2398 1856 2437 scripto
1877 2417 1926 2427 ....
1954 2408 2011 2428 res
2037 2400 2222 2439 compositu
2240 2397 2399 2441 facilis,
2431 2401 2464 2432 si

1351 2440 1507 2473 dicamus
1535 2447 1658 2473 statum
1677 2445 1920 2474 controversiae
1944 2445 2036 2474 inter
2061 2455 2122 2474 nos
2148 2447 2160 2481 (
2185 2444 2419 2476 Protestantes
2446 2449 2459 2484 )

1354 2490 1395 2519 Θ·
1416 2486 1619 2519 catholicos
1644 2500 1709 2519 non
1734 2500 1838 2528 esse,
1862 2495 1906 2521 an
1931 2489 2054 2521 dentur
2080 2491 2289 2523 traditiones
2304 2512 2315 2530 ‚
2342 2491 2405 2524 sed
2421 2503 2468 2525 an.

1352 2544 1414 2576 per
1439 2533 1663 2566 traditionem
1687 2538 1865 2577 acceperit
1882 2534 2053 2568 Ecclesia
2077 2549 2192 2569 novum
2209 2539 2352 2580 aliquem
2365 2536 2465 2578 fidei

1354 2581 1562 2619 articulum,
1600 2581 1646 2612 ad
1672 2582 1813 2613 salutem
1837 2583 1974 2614 creditu
2000 2583 2058 2614 sub
2083 2591 2210 2614 aeternae
2236 2584 2466 2615 beatitudinis

1348 2625 1482 2672 jaffura
1507 2630 1739 2659 necessarium
1754 2649 1766 2667 ,
1791 2630 1829 2660 in
1847 2632 2022 2671 scriptarae
2047 2640 2149 2671 neque
2169 2629 2312 2660 totidem
2332 2630 2465 2669 verbis,

1354 2685 1460 2715 neque
1485 2684 1546 2714 per
1563 2673 1679 2705 bonam
1692 2677 1966 2716 consequentiam
1983 2681 2157 2706 extantem
2171 2696 2180 2705 .
2207 2673 2386 2707 Posterius
2404 2688 2464 2708 ne-

1354 2727 1440 2762 gant
1465 2717 1728 2759 Protestantes,
1761 2732 1825 2751 non
1849 2722 1970 2762 prius:
2005 2731 2048 2751 ex
2076 2721 2191 2763 quibus
2217 2722 2465 2755 moderatiores

1355 2766 1565 2805 admittunt,
1606 2778 1670 2797 non
1696 2766 1803 2797 solum
1843 2768 1953 2808 ipsam
1979 2765 2123 2799 Sacram
2150 2767 2363 2811 Scripturam
2401 2781 2464 2800 nos

1356 2813 1546 2845 traditioni
1571 2812 1720 2850 debere,
1746 2811 1809 2843 sed
1835 2814 1869 2843 in
1887 2813 2050 2844 articulis
2064 2812 2386 2855 fundamentalibus
2406 2827 2468 2858 ge-

1355 2862 1517 2898 nuinum,
1542 2860 1582 2891 ΕΤ
1608 2857 1832 2890 orthodoxum
1858 2857 2044 2900 Scripturae
2069 2872 2201 2892 sensum
2216 2881 2226 2899 ‚
2253 2868 2286 2893 ut
2305 2864 2407 2895 multa
2427 2874 2465 2894 a-

1357 2907 1408 2939 lia
1434 2927 1468 2937 ...
1493 2917 1536 2937 ex
1564 2906 1751 2937 traditione
1775 2907 1887 2947 magis
1912 2906 2165 2948 cognoscibilia
2193 2915 2361 2941 taceamus
2390 2912 2466 2941 &c-

1358 2952 1413 2984 llli
1439 2960 1557 2984 autem
1593 2951 1642 2983 ita
1667 2949 1851 2994 respondet
1877 2950 2062 2984 Bossuetus
2088 2963 2122 2996 p.
2150 2951 2230 2994 224.
2273 2954 2316 2986 Si
2345 2953 2466 2987 Prote-

1359 3006 1491 3031 stantes
1516 2999 1732 3029 consentiunt
1747 3017 1758 3036 ‚
1786 3001 1959 3039 scripturae
1978 3011 2111 3030 sensum
2126 3021 2137 3039 ,
2163 3002 2297 3045 aliaque
2321 3002 2466 3044 permul-

1360 3052 1394 3077 ta
1420 3045 1609 3077 traditione
1633 3044 1809 3076 dundaxat
1833 3057 1911 3076 esse
1937 3047 2189 3087 cognoscibilia
2204 3067 2214 3086 ‚
2241 3051 2296 3079 υἱεῖ
2315 3049 2382 3079 ulla
2410 3059 2466 3078 σιμ

1359 3099 1476 3134 perest
1499 3091 1706 3132 difficultas.
1734 3088 1798 3121 Sed
1826 3093 1857 3122 &
1877 3091 2073 3124 Leibnitins
2098 3091 2189 3136 apud
2216 3091 2360 3124 eundem
2380 3091 2463 3124 Bos-

1359 3146 1499 3170 suetum
1526 3148 1559 3181 p.
1584 3134 1664 3177 446
1689 3135 1783 3169 ultro
1808 3136 1984 3170 fatebatur
2000 3159 2011 3178 ,
2034 3140 2150 3180 plures
2174 3150 2215 3171 ex
2235 3138 2464 3170 protestanti-

1359 3182 1424 3216 bus
1451 3195 1519 3217 non
1546 3181 1691 3223 inficiari
1709 3203 1719 3221 ,
1760 3182 1895 3226 aliquas
1921 3184 2150 3220 revelationes
2176 3183 2220 3218 ad
2254 3195 2315 3219 nos
2341 3195 2465 3229 perire«

1361 3229 1452 3264 nisse
1477 3227 1665 3275 apostolica
1689 3226 1899 3264 traditione.
