2564 3706
754 79 836 128 DE
870 77 1179 126 INFALLIB.
1214 77 1392 124 CONC.
1424 77 1692 126 AUCTOR»

119 165 212 207 208.
243 164 432 218 Respond.
461 160 665 216 Quidquid
707 163 754 201 sit
782 163 828 202 de
857 177 902 202 ea
937 163 1148 216 quaestione
1169 191 1181 210 ‚

63 234 154 274 quae
183 224 284 261 inter
311 217 528 257 Catholicos
556 217 664 255 salva
692 216 784 255 fidei
814 218 960 256 unitate
989 218 1180 269 agitatur,

65 275 166 313 illud
193 272 375 326 omnibus
396 280 521 310 ratum
539 301 549 319 ,
579 271 782 324 fixumque
802 280 883 320 est,
911 270 1089 309 Concilia
1117 283 1179 321 ge-

61 327 209 367 neralla
255 341 277 364 a
306 324 491 364 Pontifice
532 324 760 364 confirmata
800 338 879 363 esse
915 323 1145 362 infallibilia
1168 352 1180 371 ,

64 379 282 431 cujusmodi
311 388 399 419 sunt
428 393 471 417 ea
500 379 657 427 omnia,
695 393 784 431 quae
814 380 896 417 sine
925 378 1182 416 controversia

65 445 134 485 pro
161 432 343 484 legitimis
358 463 369 480 ‚
400 432 434 469 ἃ
456 433 708 471 oecumeuicis
729 431 946 478 habentur3
974 431 1008 468 8<
1029 444 1075 468 ex
1094 431 1181 483 qui·

63 486 137 525 bus
163 486 252 524 solis
280 495 404 525 nostra
434 485 525 524 fidei
543 515 554 533 ,
604 499 833 538 morumque
874 486 1050 537 dogmata
1079 484 1182 522 erui·

64 554 152 579 mus
168 565 179 578 .
209 539 445 592 Quanquam
475 540 581 577 enim
601 538 808 578 Gallorum
837 539 985 590 judicio
1004 536 1181 576 Concilia

64 593 234 645 legitime
254 593 446 632 celebrata
462 623 472 641 ,
501 593 619 631 etiam
649 602 734 631 ante
756 592 952 631 I’ontificis
973 591 1181 630 confirma-

64 648 207 686 tionem
235 656 278 685 ut
305 645 536 685 infallibilia
557 645 801 693 habeantur5
831 659 944 684 nemo
963 655 1090 684 tamen
1120 657 1183 681 eo-

66 715 155 739 rum
184 710 263 748 est,
293 700 362 752 qui
383 700 484 738 dicat
502 731 512 749 ‚
543 713 611 753 per
640 701 883 739 accedentem
914 709 1041 751 postea
1061 698 1185 736 Ponti-

65 754 151 794 ficis
179 752 513 792 confirmationem
543 754 676 793 eadem
705 753 880 792 Concilia
910 754 1064 791 vitiari:
1106 753 1187 790 imo

64 808 140 860 ipsi
155 805 264 846 Galli
285 807 453 846 fatentur
468 838 480 856 ,
509 806 707 846 Pontificis
727 807 1059 845 confirmationem
1073 835 1083 853 ‚
1113 803 1188 843 sal-

65 869 145 899 tem
174 869 359 913 tanquam
383 861 597 900 'solemnem
628 862 801 914 supremi
836 861 976 912 capitis
1004 860 1188 898 accessio-

65 927 184 964 nem,
232 913 360 966 majus
389 914 508 954 robur
535 916 672 953 iisdem
701 913 887 952 Conciliis
915 913 1076 958 addere3
1119 924 1188 964 per

66 980 151 1006 eam
180 969 286 1007 euim
316 969 437 1020 magis
479 968 694 1007 luculenter
723 974 884 1019 apparet
928 967 1067 1016 capitis
1097 978 1188 1002 cum

65 1030 140 1061 toto
168 1035 327 1074 corpore
356 1023 578 1061 consensio:
614 1019 662 1062 &
692 1020 848 1069 insuper
876 1018 989 1055 fateri
1018 1018 1156 1055 debent
1178 1046 1190 1065 ‚

65 1074 268 1114 deficiente
298 1074 494 1114 Pontificis
522 1072 842 1118 confirmatione,
872 1069 1008 1109 saltem
1037 1071 1192 1109 dubita-

66 1130 102 1167 ri
132 1130 267 1167 merito
294 1140 430 1181 posse,
461 1142 510 1165 an
537 1124 760 1166 Concilium
790 1125 837 1162 sit
868 1126 1156 1163 oecumenicum
1179 1153 1191 1172 ,

67 1195 132 1220 seu
161 1182 382 1220 universam
411 1179 631 1219 Ecclesiam
660 1186 937 1232 repraesentans
955 1205 966 1217 .
983 1204 993 1217 .
1011 1204 1022 1216 .
1041 1205 1051 1217 .
1096 1177 1191 1216 Vid.

66 1233 262 1273 Melchior
287 1234 416 1274 Canus
444 1233 536 1273 Lib.
555 1232 608 1273 V.
638 1232 687 1271 de
714 1232 812 1274 locis
839 1231 959 1272 theol.
988 1246 1076 1284 cap·
1098 1233 1136 1272 5.

473 1340 795 1386 APPENDIX

342 1445 408 1486 De
441 1445 618 1486 Concilio
649 1426 912 1487 Tridentino.

128 1566 221 1607 209.
239 1532 366 1600 Cum
386 1553 635 1595 Protestantes
663 1556 796 1594 omnia
827 1555 905 1594 fere
923 1554 1101 1594 Concilia
1129 1553 1198 1593 ha-

70 1605 204 1647 Genus
232 1608 426 1649 celebrata
443 1639 455 1659 ,
484 1612 654 1662 exceptis
681 1619 847 1662 quatuor
875 1611 1014 1662 primis
1031 1639 1042 1657 ,
1086 1608 1200 1661 parvi

72 1661 246 1710 faciant,
289 1671 421 1701 contra
450 1663 607 1702 nullum
634 1673 762 1702 tamen
794 1665 846 1701 ita
882 1663 1198 1710 debacchantur,

68 1716 182 1754 sicuti
211 1723 345 1754 contra
365 1715 641 1755 Tridentinum
660 1747 671 1766 ,
701 1732 723 1756 a
752 1730 830 1769 quo
850 1717 1024 1769 ipsorum
1054 1730 1201 1755 errores

69 1769 316 1808 condemnati
352 1769 462 1807 fuere
491 1771 583 1822 (a):
659 1779 834 1823 ropterea
861 1784 990 1823 operae
1029 1772 1199 1823 pretium

70 1823 201 1863 visum
232 1823 305 1860 fuit
323 1853 334 1871 ‚
365 1822 582 1875 peculiares
611 1786 719 1862 illius
740 1825 928 1863 vindicias
956 1838 1068 1876 agere
1085 1855 1096 1872 ‚
1127 1837 1199 1862 non

70 1876 232 1928 quidem
261 1885 452 1928 quantum
481 1877 531 1915 ad
558 1877 737 1930 singula,
781 1891 870 1931 quae
901 1880 941 1916 in
969 1892 1014 1916 eo
1043 1878 1201 1917 definita

71 1938 187 1975 sunt3
217 1942 276 1967 res
303 1931 409 1968 enim
439 1929 526 1969 haec
555 1933 705 1970 nonnisi
726 1931 847 1984 longis
875 1932 1201 1984 disputationibus

72 1981 213 2035 perfici
234 1990 385 2033 posset,
414 1984 558 2036 quibus
587 1984 653 2023 hic
682 1984 788 2023 locus
808 1999 882 2023 non
911 1995 965 2023 est
981 2001 992 2031 ;
1021 1985 1086 2023 sed
1116 1994 1201 2022 tan-

73 2035 276 2075 tummodo
301 2036 533 2088 generaliter
550 2038 814 2075 examinando
834 2041 1036 2090 praecipua
1065 2038 1202 2075 crimi-

72 2090 275 2128 nationum
303 2089 460 2141 eapita,
498 2089 643 2142 quibus
671 2089 845 2143 ejusdem
873 2091 1044 2130 Concilii
1073 2090 1203 2130 austo-

75 2145 232 2182 ritatem
259 2140 495 2193 labefaRare
523 2152 713 2184 conantur
730 2171 741 2183 .

131 2208 226 2236 210.
250 2194 404 2249 ¹Negant
431 2206 559 2236 autem
581 2199 710 2249 primo
738 2197 824 2236 loco
839 2227 850 2245 ,
881 2197 982 2235 illud
1005 2198 1120 2236 fuisse
1140 2210 1205 2235 ve-

73 2263 118 2291 re
147 2252 465 2296 oecumenicnm5
501 2263 535 2288 1.
564 2251 659 2303 quia
679 2250 740 2288 illi
769 2263 847 2288 non
875 2252 1087 2290 interfuere
1107 2251 1203 2304 Epi-

74 2305 182 2358 scopi
211 2304 372 2351 Graeci,
403 2302 436 2339 ἃ
465 2302 652 2342 Ecclesiae
674 2303 914 2343 Orientalis.
946 2318 982 2343 2.
1012 2307 1106 2358 quia
1127 2317 1202 2343 non

74 2359 235 2398 fuerunt
264 2357 389 2397 vocati
410 2355 686 2397 Protestantes.
717 2358 756 2398 5.
785 2359 878 2411 quia
899 2360 1060 2412 exiguus
1091 2361 1129 2397 in
1159 2372 1203 2395 eo

76 2414 154 2452 fuit
182 2411 466 2463 Episcoporum
497 2424 709 2460 numerus,
751 2414 954 2466 praecipue
984 2413 1056 2451 sub
1085 2412 1205 2451 Paulo

76 2466 148 2504 ΙΙΙ.
179 2463 214 2500 &
246 2466 416 2503 maxima
445 2463 604 2504 illorum
635 2479 722 2518 pars
761 2476 843 2504 erat
870 2465 1085 2515 Italorum,
1134 2468 1204 2518 qui

77 2517 296 2571 specialiter
339 2517 460 2557 solent
501 2532 580 2558 esse
611 2518 784 2558 Romano
811 2519 990 2560 Pontifici
1035 2519 1206 2560 addicti:

78 2573 181 2611 unde
222 2573 339 2610 etiam
370 2573 515 2625 passim
553 2572 764 2611 vocabatur
796 2572 1018 2612 Concilium
1049 2575 1176 2626 Ptzpoe
1195 2606 1206 2624 ,

79 2626 130 2669 (y
159 2624 385 2665 Italorum.
434 2627 518 2666 lmo
559 2635 689 2666 contra
730 2628 910 2667 sessiones
953 2626 1104 2668 habitas
1133 2630 1206 2669 sub

129 2769 178 2806 (a)
203 2765 371 2800 Eminent
397 2767 490 2802 inter
515 2780 572 2802 eos
597 2769 680 2803 Car.
699 2768 886 2803 Molinaeus
913 2769 949 2804 in
969 2770 1132 2807 Concilio
1152 2786 1209 2807 su-

83 2823 147 2856 per
169 2816 254 2846 allis
282 2814 438 2849 Concilii
465 2814 623 2850 Trident.
651 2817 786 2857 latine,
812 2820 843 2849 <Sc
869 2818 995 2862 gallice
1022 2819 1137 2853 ‘I'omo
1161 2821 1207 2854 V.

83 2870 256 2904 operum,
295 2864 327 2895 δι
353 2863 470 2896 lnnoc.
495 2864 696 2897 Gentiletus
731 2864 767 2896 in
792 2863 918 2898 Exam-
945 2866 1081 2900 Concil.
1109 2866 1208 2901 Trid-

85 2906 273 2952 utriusque
300 2917 418 2943 autem
442 2909 652 2953 objefitiones
680 2919 844 2944 accurate
869 2923 933 2956 pro
952 2924 1048 2946 more
1074 2925 1137 2947 suo
1153 2913 1208 2947 di-

86 2954 232 2996 spunxit
257 2954 342 2988 Nat.
373 2955 571 2990 Alexander
596 2958 690 2990 Diss.
718 2958 799 2991 ΧΗ.
838 2958 873 2991 in
900 2960 984 2992 Saec.
1014 2960 1111 2993 XVI.
1139 2970 1206 2995 art.

91 3009 148 3041 17·
177 2999 298 3033 Petrus
321 3001 444 3034 Jurius
471 3002 507 3034 in
534 3002 671 3043 Reliex.
698 3004 836 3037 Hister.
866 3019 922 3038 sur
947 3008 1000 3040 les
1021 3007 1208 3049 Conciles,

91 3047 126 3078 ἀ
149 3049 467 3089 particulif'rement
493 3062 548 3081 sur
574 3052 664 3083 celui
690 3052 734 3084 de
759 3050 883 3085 Trente
924 3053 1000 3098 ejus
1027 3053 1213 3088 historiam

90 3091 389 3137 compendiariam
415 3095 516 3138 genio
541 3107 604 3129 suo
617 3098 915 3133 accommodatam
934 3100 1075 3134 exhibet
1090 3102 1159 3134 vol.
1181 3113 1212 3134 2.

90 3138 127 3171 in
150 3151 202 3172 12.
229 3140 466 3175 Amst.1683.
494 3142 692 3177 Leibnitius
717 3145 824 3179 etiam
846 3147 880 3178 in
908 3150 1078 3188 tractatu,
1104 3160 1209 3193 quein

93 3195 172 3218 cum
196 3187 364 3220 Bossueto
389 3187 513 3220 habuit
545 3186 587 3221 de
614 3190 891 3226 protestantium
925 3195 1210 3229 reconciliatione

92 3242 172 3265 cum
197 3233 357 3267 Ecclesia
384 3235 569 3275 Romana,
611 3248 813 3282 quanquam
849 3241 1005 3282 fatetur,
1043 3242 1210 3287 pleraque

93 3277 200 3311 fuisse
227 3280 262 3312 in
287 3293 327 3314 eo
345 3281 504 3315 Concilio
524 3284 609 3315 reae
625 3304 635 3322 ,
661 3286 906 3331 sapienterque
925 3296 1056 3320 statuta
1072 3310 1081 3327 ,
1108 3300 1212 3322 eona-

90 3331 150 3358 ωι-
176 3333 292 3358 tamen
318 3329 478 3361 evincere
506 3327 592 3361 illud
619 3340 681 3374 pro
699 3335 914 3370 oecumenico
926 3333 1127 3370 habendum
1140 3347 1210 3371 non

203 3370 442 3428 Gazzaniga
475 3373 606 3418 Theol.
636 3376 750 3419 Tom.
770 3379 801 3419 Ι.

2222 95 2308 137 209

1249 158 1371 198 Paulo
1399 158 1468 197 ΙΙΙ.
1498 160 1758 199 reclamarunt
1779 159 1993 209 Germani,
2025 158 2060 198 8(
2087 156 2196 198 Galli
2225 159 2367 209 paritet·

1248 213 1507 252 reclamarunt
1536 224 1664 252 contra
1695 216 1873 252 sessiones
1891 245 1901 262 ,
1945 229 2033 269 quae
2063 215 2134 252 sub
2163 209 2269 251 Julio
2299 212 2365 250 ΙΙΙ.

1249 267 1391 307 habitae
1409 267 1558 304 fueraut
1575 294 1585 305 .
1616 267 1655 312 4.
1684 269 1776 319 quia
1796 283 1865 306 nec
1886 270 1960 307 fuit
1981 269 2124 322 ubique
2145 274 2368 317 receptum,

1248 322 1449 375 praecipue
1478 322 1517 358 in
1547 320 1707 365 Gallia3
1740 321 1808 359 ubi
1828 324 1940 360 Clero
1970 337 2040 374 pro
2068 323 2150 374 ejus
2180 321 2366 371 receptio-

1249 390 1295 414 ne
1324 376 1466 426 saepius
1494 375 1656 413 instante
1687 373 1829 427 Reges,
1878 376 1911 412 &
1939 377 2096 416 Senatus
2125 385 2275 424 semper
2312 386 2370 411 re-

1249 431 1425 469 stiterunt
1442 455 1452 468 .

1307 496 1398 522 211.
1429 483 1524 520 Haec
1555 491 1682 520 tamen
1726 480 1828 522 levia
1857 492 1970 522 sunt.
2018 487 2069 525 Et
2111 501 2295 542 quantum
2326 496 2376 534 ad

1249 538 1394 589 priores
1423 537 1517 574 duas
1546 535 1815 584 difficultates,
1847 539 2048 579 ostendant
2077 543 2284 585 adversarii
2314 548 2377 587 vel

1252 593 1366 629 unico
1397 592 1434 628 in
1465 600 1538 628 tota
1570 600 1668 627 retro
1688 592 1915 644 antiquitate
1944 594 2150 647 exemplo,
2183 599 2297 638 fuisse
2327 602 2376 640 ad

1253 646 1496 683 oecumenica
1519 644 1694 683 Concilia
1723 659 1785 685 eos
1807 656 1977 695 vocatos,
2007 652 2202 701 quierant
2230 668 2252 691 a
2272 667 2376 693 com-

1253 700 1438 737 munione
1459 697 1646 737 Ecclesiae
1667 698 1871 738 catholicae
1902 712 2056 754 propter
2078 703 2256 743 haereSIm
2275 737 2285 756 ,
2316 707 2376 745 vel

1254 751 1421 790 schisma
1450 754 1641 804 separati.
1672 753 1875 801 Quomodo
1895 757 2001 793 enim
2026 758 2059 796 ‘ii
2089 762 2294 799 convocari
2314 761 2380 799 de-

1254 804 1381 853 benc,
1401 807 1469 857 qui
1498 815 1584 843 sunt
1614 822 1635 845 a
1666 816 1739 844 toto
1759 821 1918 860 corpore
1946 808 2027 862 jam
2049 811 2241 864 sejunfli?
2269 816 2379 853 Cete-

1255 871 1344 896 rum
1375 856 1618 898 Protestautes
1648 861 1694 898 ad
1723 862 1944 901 Concilium
1975 864 2249 906 Tridentinum
2280 870 2383 907 invi-

1257 912 1326 949 tati
1371 912 1550 961 fuerunt,
1598 914 1694 952 datis
1738 917 1855 954 etiam
1886 916 2057 969 publicae
2101 920 2193 959 fidei
2223 921 2381 972 litteris,

1258 964 1577 1018 amplissimaque
1620 978 1796 1019 potestate
1826 972 1880 1009 eis
1918 971 2044 1021 fasta,
2093 983 2136 1011 ut
2165 975 2214 1012 (le
2243 980 2290 1015 iis
2320 990 2380 1015 re-

1258 1016 1350 1065 bus,
1380 1032 1470 1068 quce
1500 1023 1540 1055 in
1571 1024 1657 1069 ipstz
1688 1021 1854 1074 anoilo
1884 1025 2053 1064 traeiari·
2082 1027 2305 1079 debebant,
2341 1044 2384 1069 o-

1259 1076 1346 1109 mni
1375 1071 1556 1110 libertate
1586 1075 1773 1125 conferre
1791 1107 1801 1124 ,
1831 1090 2071 1129 proponere,
2101 1084 2150 1122 (9-
2181 1082 2383 1134 trtthzre,

1259 1138 1312 1163 ac
1342 1124 1397 1162 ad
1426 1129 1555 1175 ipsum
1584 1134 1881 1167 aecumenicum
1906 1132 2126 1172 Concilium
2158 1136 2303 1187 libere,
2333 1138 2383 1179 <9-

1261 1188 1344 1217 tuto
1374 1183 1507 1218 venire
1527 1209 1538 1228 ,
1566 1179 1616 1220 <9¹
1646 1184 1687 1227 in
1718 1196 1764 1219 eo
1794 1196 1965 1222 manere
1983 1216 1992 1233 ‚
2023 1188 2072 1228 (9-
2103 1196 2350 1229 commorari
2372 1221 2383 1239 ,

1260 1246 1314 1271 ac
1342 1235 1533 1273 articulos
1550 1263 1561 1282 ,
1591 1244 1682 1284 quot
1712 1236 1789 1274 illis
1817 1237 2045 1276 ridebuntur
2062 1271 2072 1288 ,
2101 1250 2189 1280 tam
2219 1249 2385 1294 scripto,

1243 1300 1388 1339 >quamn
1418 1287 1530 1326 verbo
1557 1287 1733 1338 offerre,
1764 1291 1812 1331 Εὖ·
1840 1305 2085 1343 proponere,
2115 1296 2166 1336 ζῇ*
2195 1309 2286 1334 curn
2309 1297 2387 1335 Pa-

1263 1340 1413 1390 tribus,
1461 1345 1541 1379 sire
1570 1345 1644 1391 iis,
1688 1348 1754 1394 qui
1783 1344 1834 1382 ab
1863 1350 1951 1396 ipsa
1981 1347 2023 1386 S.
2054 1348 2220 1401 Synodo
2249 1350 2390 1390 delebit

1252 1394 1446 1448 fuerint,
1477 1394 1663 1447 conferre
1680 1428 1691 1445 ‚
1719 1398 1769 1438 <9‘
1798 1398 1948 1450 absque
1976 1402 2066 1440 ullis
2094 1408 2281 1443 comiciis
2298 1436 2309 1455 ‚
2339 1406 2388 1447 <9⁶

1266 1449 1518 1488 contumeliis
1548 1449 1779 1501 disputare,
1822 1465 1981 1492 necnon
2009 1456 2170 1507 quando
2199 1459 2275 1496 illis
2302 1460 2391 1508 pla-

1266 1507 1391 1541 cuerit
1409 1534 1419 1551 ,
1449 1503 1637 1542 recedere
1665 1510 1844 1555 possint,
1892 1509 1942 1549 (9¹
1972 1511 2160 1549 valeant.
2205 1512 2260 1550 Ita
2290 1512 2390 1552 Sess.

1267 1557 1375 1596 thl.
1407 1557 1441 1594 δε
1462 1557 1552 1596 XV.
1585 1559 1683 1606 Quae
1714 1559 1871 1599 libertas
1901 1572 2029 1614 postea
2059 1566 2098 1602 iu
2119 1565 2219 1603 Sess.
2242 1566 2390 1607 XVIII.

1266 1612 1339 1649 fuit
1369 1612 1417 1649 ad
1445 1625 1577 1650 omnes
1606 1612 1702 1651 alios
1723 1614 1944 1654 dissidentes
1965 1627 2116 1658 extensa
2134 1647 2144 1657 .
2174 1620 2287 1658 Unde
2317 1622 2391 1659 im-

1267 1668 1407 1704 merito
1450 1677 1765 1719 conqueruntur,
1815 1683 1852 1706 se
1895 1671 2086 1710 inauditos
2123 1674 2392 1715 condemnatos

1269 1720 1413 1767 fuisse,
1444 1733 1535 1758 cum
1566 1721 1604 1759 id
1634 1735 1766 1760 eorum
1797 1722 1914 1775 culpa
1944 1728 2142 1766 evenerit.

1324 1787 1416 1812 212.
1445 1775 1624 1812 Ceterum
1654 1789 1879 1829 quanquam
1911 1777 2160 1821 Protestantes
2189 1796 2226 1820 se
2254 1785 2395 1822 Conci-

1266 1825 1320 1865 lio
1349 1828 1478 1866 sistere
1507 1831 1791 1877 recusaverint,
1841 1844 1974 1870 eoruin
2005 1843 2131 1874 tamen
2175 1851 2288 1875 causa
2319 1838 2394 1875 fuit

1268 1895 1313 1920 ea
1343 1881 1567 1934 diligentia,
1598 1894 1688 1934 quae
1719 1885 1889 1922 maxime
1919 1886 2098 1925 adhiberi
2127 1899 2306 1939 poterat,
2336 1892 2395 1929 di-

1269 1948 1395 1972 scussa
1414 1964 1424 1982 ,
1463 1944 1503 1972 ut
1532 1935 1651 1973 fidem
1681 1937 1775 1974 facit
1791 1936 1977 1988 ¹ejusdem
2006 1942 2173 1980 Concilii
2204 1943 2360 1983 historia
2382 1976 2395 1991 ,

1269 1987 1303 2023 8<
1333 1988 1435 2024 testis
1464 1997 1517 2025 est
1545 1989 1661 2026 etiam
1691 1989 1864 2028 Didacus
1893 1991 2025 2045 Payva
2055 1995 2289 2046 Lusitanus,
2325 2000 2397 2051 qui

1271 2054 1371 2078 unus
1399 2053 1444 2078 ex
1474 2050 1575 2080 coetu
1606 2041 1764 2081 Patrum
1786 2043 2100 2087 Tridentinoruin
2131 2051 2204 2088 fuit
2223 2078 2233 2089 .
2262 2052 2337 2090 Hic
2358 2067 2396 2090 e—

1271 2095 1355 2132 nim
1387 2095 1426 2131 in
1456 2095 1548 2133 Lib.
1569 2095 1600 2133 Ι.
1629 2095 1804 2147 Defens.
1844 2097 2153 2154 ,Tridennfitlet
2183 2103 2268 2142 haec
2297 2107 2397 2144 inter

1273 2146 1350 2184 alia
1367 2147 1490 2186 multa
1506 2147 1645 2197 habet,
1667 2148 1915 2190 Protestantes
1930 2152 2151 2206 alloquens:
2179 2167 2396 2209 postquam

1273 2199 1469 2239 adrentus
1499 2205 1617 2238 vestri
1645 2215 1758 2251 spem
1776 2233 1787 2251 ,
1817 2208 1859 2240 in
1889 2218 2013 2256 quam
2047 2207 2225 2249 Caesaris
2253 2212 2396 2251 litteris

1258 2251 1439 2305 fuerant
1482 2268 1642 2308 magna
1671 2261 1853 2295 omnium
1881 2269 2112 2299 nostrorum
2148 2265 2398 2305 exultatione

1271 2310 1443 2360 ingressi
1475 2311 1489 2360 (
1520 2307 1647 2347 Patres
1674 2311 1838 2350 concilii
1870 2312 1914 2361 ),
1943 2327 2104 2365 prorsus
2133 2317 2398 2371 abjecerunt,

1271 2362 1321 2402 (9⁶
1351 2371 1482 2400 restra
1510 2367 1838 2417 tergiversatione
1858 2369 2156 2420 intelleximus,
2186 2385 2268 2411 non
2297 2379 2398 2413 veri·

1271 2424 1400 2453 tatem
1431 2430 1522 2465 ros,
1571 2417 1642 2456 secl
1669 2423 1816 2457 erroris
1845 2427 2150 2463 excusationem
2194 2436 2364 2477 captare
2383 2459 2396 2477 ,

1273 2469 1582 2522 diligentissime
1610 2484 1905 2524 procurarunt,
1949 2486 1990 2514 ut
2019 2491 2157 2518 eorum
2188 2480 2300 2530 libri,
2330 2486 2397 2534 qui

1273 2537 1317 2562 se
1347 2538 1473 2576 nuper
1516 2524 1566 2563 ab
1596 2525 1786 2565 Ecclesia
1817 2528 2011 2569 Romana
2047 2543 2146 2572 totos
2184 2535 2398 2575 abaliena-

1273 2588 1367 2616 runt
1383 2606 1393 2616 .
1412 2607 1421 2617 .
1440 2607 1449 2617 .
1469 2607 1479 2618 .
1512 2578 1748 2619 Tridentum
1770 2582 1941 2635 undique
1963 2599 2308 2637 comportarentur
2325 2617 2335 2628 .
2354 2619 2364 2629 .
2381 2618 2394 2630 .

1274 2642 1315 2670 ut
1344 2646 1518 2672 causam
1547 2649 1576 2673 a
1597 2634 1699 2674 robis
1729 2636 1895 2687 callide,
1926 2640 1974 2680 ὠ
1996 2647 2232 2682 veteratorie
2262 2644 2396 2683 deser-

2252 2708 2341 2737 lam

1277 2785 1378 2814 esse3
1407 2771 1560 2820 adeoque
1585 2786 1625 2809 ea
1652 2777 1831 2811 reti-affari
1858 2790 1981 2824 posse,
2007 2793 2084 2828 quas
2112 2782 2252 2818 fuerant
2277 2784 2313 2818 in
2332 2785 2396 2819 ilio

1277 2829 1401 2854 contra
1428 2821 1665 2856 protestantes
1693 2822 1863 2865 definitaj,
1898 2829 1953 2860 eui
1981 2839 2183 2863 constanter
2216 2830 2398 2876 respondit:

1278 2868 1491 2910 Bossuetus‚
1520 2869 1553 2902 id
1580 2870 1738 2914 permitti
1766 2883 1835 2905 non
1862 2884 1986 2917 posse,
2012 2877 2097 2921 quin
2122 2873 2239 2911 omnia
2266 2879 2399 2912 iterum

1278 2919 1535 2957 retractentur,
1563 2929 1639 2961 qum
1665 2917 1700 2950 in
1729 2919 1807 2952 aliis
1827 2920 1996 2955 Conciliis
2023 2936 2131 2968 usque
2150 2923 2192 2958 ad
2212 2924 2398 2959 Nicaenum

1279 2960 1422 2995 definita
1450 2963 1591 2996 fuerunt
1607 2987 1616 2995 .
1642 2963 1706 2996 Sed
1733 2965 1776 2998 ab
1793 2965 2008 3002 Acatholicis
2027 2969 2397 3017 soletomnilius‘prae-

1282 3009 1366 3040 ferri
1396 3010 1506 3042 Mart.
1533 3009 1755 3044 Chemnitius
1783 3017 1818 3045 in
1855 3017 2012 3050 examine
2037 3017 2193 3052 Concilii
2219 3017 2396 3052 Tridenti-

1282 3059 1342 3095 ni,
1369 3055 1469 3100 cujus
1495 3058 1679 3090 auctiorem
1706 3057 1897 3094 editionem
1922 3061 2018 3097 dedit
2032 3065 2158 3109 Georg.
2175 3065 2396 3098 Christianus

1282 3102 1427 3135 Joannis
1454 3103 1614 3137 Francof.
1642 3103 1683 3137 ad
1710 3106 1867 3141 Manum
1898 3121 2001 3154 ¹707·
2035 3111 2225 3145 Chemnitii
2251 3119 2396 3144 conatus

1282 3147 1414 3181 retudit
1442 3150 1534 3182 inter
1560 3151 1645 3184 alios
1671 3152 1819 3186 celebris
1847 3154 2045 3201 Theologus
2073 3159 2262 3191 Lusitanus
2286 3155 2398 3188 Dida-

1281 3207 1341 3228 cus
1361 3196 1477 3240 Payva
1504 3195 1712 3231 d’Andrada
1740 3200 1774 3232 in
1793 3199 1894 3235 libris
1915 3204 1960 3236 X.
1988 3205 2260 3238 orthodoxarum
2279 3205 2397 3246 expli-

1280 3246 1449 3323 fflbtl'Onusn
1469 3264 1479 3283 ²
1522 3246 1554 3277 &
1579 3248 1614 3279 in
1641 3245 1859 3291 Defensione
1886 3248 2044 3286 Tridenc.
2073 3251 2171 3294 fidei
2207 3249 2395 3285 Catholi'tae

1279 3301 1301 3323 u
1335 3312 1341 3320 .
1369 3301 1546 3335 quinque.

1769 3401 1819 3443 27
