2564 3706
855 137 937 183 DE
973 135 1259 182 SANCTIT.
1291 131 1619 180 ECCLESIAE
1640 166 1652 178 .

117 227 208 261 uam
236 228 362 260 autem
404 217 465 257 his
494 217 637 258 similia
667 218 770 258 facta
798 228 884 257 sunt
924 219 973 257 ad
1002 217 1233 256 confirman-

116 275 210 313 dam
250 273 435 313 Ecclesiae
484 273 959 325 pseudo—reformationem
1005 269 1233 310 miracula?

115 327 192 366 Sed
218 327 298 379 jam
330 327 553 376 videamus,
601 341 790 379 quasnam
819 336 950 366 contra
993 326 1233 365 sanctitatem

113 380 300 421 Ecclesiae
329 380 518 432 objiciant
545 379 788 419 difficultates
806 406 816 418 .

170 434 264 485 527.
295 435 496 487 Objiciunt
526 435 652 486 primo
690 442 822 472 contra
850 434 1019 486 primam
1050 442 1196 484 partem
1219 463 1232 481 ,

114 485 151 526 &
179 489 248 526 toti
276 499 363 528 sunt
380 520 391 537 ,
439 497 480 526 ut
508 489 726 536 ostendant,
770 497 937 527 nostram
967 487 1183 526 Ecclesiam
1211 502 1235 525 a

101 542 275 597 ,pristina
321 543 502 581 doctrinae
532 541 674 580 Christi
718 543 909 594 puritate,
962 539 995 576 8(
1038 542 1234 579 sanctitate

112 596 351 647 jampridem
379 596 580 633 descivisse
596 622 607 633 .
636 594 838 648 Praecipue
859 604 986 633 autem
1007 608 1091 633 eam
1122 608 1236 632 accu-

115 657 200 686 sant
230 650 535 703 superstitionis,
579 649 613 687 8(
641 648 870 687 idololatriae
901 657 1058 701 propter
1086 647 1234 686 cultum

113 700 373 752 Sanctorum,
420 704 706 742 venerationem
743 716 940 741 sacrarum
983 704 1234 752 imaginum,

113 755 353 794 sacrificinm
383 756 514 795 Μίδεω
534 787 545 805 ,
589 757 779 796 bonorum
808 769 969 810 operum
999 756 1156 803 merita,
1194 771 1234 793 a·

112 806 245 859 ltaque
274 810 314 848 id
343 824 460 862 genus
489 812 663 863 dogmata
681 835 692 848 .

167 861 262 902 528.
293 862 405 917 Resp.
437 865 552 903 fuisse
598 864 756 917 quidem
804 870 975 901 nostram
1015 860 1232 901 Ecclesiam

113 912 292 966 plurium
314 931 486 957 errorum
516 928 732 957 accusatam
754 947 764 964 ,
796 917 859 954 sed
881 929 1078 968 nunquam
1100 916 1233 953 convi-

109 978 241 1019 ctam,
290 970 324 1008 8<
356 971 469 1010 facile
498 988 520 1011 a
557 972 692 1010 nostris
734 969 1032 1007 controversistis
1074 968 1234 1005 demon-

112 1025 224 1062 strari
242 1055 253 1073 ,
284 1025 369 1064 haec
398 1026 576 1078 dogmata.
605 1032 790 1075 perpetuo
819 1023 857 1058 in
885 1020 1061 1058 Ecclesia
1089 1020 1232 1058 Christi

109 1077 255 1116 credita
285 1080 425 1117 fuisse:
473 1078 507 1115 ἃ
538 1077 627 1115 licet
655 1088 727 1113 uon
758 1083 836 1112 tam
867 1074 1069 1126 perspicue
1099 1086 1145 1110 ex
1174 1087 1232 1111 sa-

107 1131 184 1168 cris
213 1133 352 1171 litteris
370 1140 550 1169 eruantur
566 1158 577 1176 ,
607 1137 748 1166 constat
768 1136 896 1165 tamen
927 1127 1166 1179 apertissime
1186 1140 1232 1166 ea

107 1182 160 1221 ab
177 1184 445 1236 Apostolorum
467 1182 671 1221 traditione
692 1181 919 1220 descendere
936 1210 946 1228 ‚
976 1180 1232 1232 quemadmo-

106 1235 199 1274 dum
228 1237 463 1276 descendunt
492 1235 567 1275 alia
595 1235 774 1288 dogmata
793 1265 803 1283 ,
832 1248 922 1287 quae
952 1235 1026 1285 ipsi
1056 1233 1231 1272 adversa-

106 1289 157 1326 rii
186 1290 390 1330 nobiscum
410 1299 535 1330 teuent
552 1319 562 1338 ,
592 1298 635 1328 ut
654 1288 764 1337 valor
793 1288 976 1340 baptismi
998 1288 1230 1335 infantium,

106 1340 169 1379 vel
199 1357 265 1395 per
286 1344 516 1382 infusionem
534 1373 545 1391 ,
575 1351 641 1382 aut
668 1342 943 1396 inspersionem
961 1372 972 1390 ,
1002 1341 1110 1381 valor
1138 1342 1232 1379 item

107 1393 293 1448 baptismi
323 1411 345 1436 a
376 1397 670 1449 peccatoribus,
700 1396 762 1435 vel
793 1395 1011 1444 haereticis,
1042 1402 1108 1434 aut
1138 1394 1231 1434 instar

106 1448 259 1489 delibus
287 1450 449 1500 collati,
479 1449 513 1487 δι
544 1449 660 1502 hujus
689 1451 834 1502 generis
863 1449 941 1488 alia
959 1479 969 1498 ,
1008 1463 1097 1502 quae
1127 1457 1229 1486 certe

105 1514 155 1539 ex
183 1503 272 1543 solis
287 1505 432 1543 divinis
453 1503 586 1543 litteris
615 1503 866 1542 demonstrari
889 1512 1079 1558 nequeunt
1109 1505 1124 1556 (
1146 1503 1226 1542 vid.

104 1569 223 1609 supra
252 1557 410 1598 Dissert.
433 1560 462 1597 Ι.
493 1572 599 1596 num.
623 1557 688 1596 26.
719 1572 795 1611 seq.
828 1558 870 1606 ).

160 1609 254 1664 529.
284 1611 490 1665 Perperam
512 1621 638 1650 autem
655 1641 665 1660 ,
695 1611 730 1648 ἃ
753 1611 893 1663 injuste
917 1610 1134 1650 Adversarii
1155 1623 1222 1648 no-

103 1671 222 1702 stram
259 1664 474 1704 Ecclesiam
522 1665 775 1703 condemnant
798 1695 807 1714 ,
857 1674 1010 1718 propter
1059 1665 1225 1717 privatos

103 1719 364 1769 quorumdam
394 1720 435 1757 in
464 1717 571 1757 cultu
599 1717 829 1758 Sanctorum
848 1749 858 1767 ,
906 1719 947 1758 in
983 1718 1224 1758 veneratione

101 1769 383 1824 reliquiarum,
413 1781 529 1825 atque
558 1773 805 1823 imaginum,
835 1772 1000 1825 aliisque
1029 1771 1225 1810 similibus

104 1823 272 1874 abusus,
302 1840 397 1879 quos
428 1827 510 1878 ipsa
531 1828 606 1863 nori
634 1827 797 1877 probat,
826 1826 915 1864 licet
946 1838 1222 1878 nonnunquam

101 1877 152 1915 ad
181 1879 332 1930 majora
352 1879 601 1932 impedienda
630 1879 736 1919 mala
764 1893 827 1918 eos
857 1879 1017 1919 tolerare
1046 1888 1222 1931 cogatur.

103 1929 188 1969 Hoc
218 1932 347 1985 ipsum
376 1933 563 1972 Ecclesiae
593 1931 688 1971 olim
718 1932 954 1984 objiciebant
983 1932 1223 1981 Manichaei,

101 1984 247 2034 quibus
275 1987 326 2023 ita
369 1987 622 2038 respondebat
650 1986 692 2024 S.
723 1988 957 2038 Augustinus
999 1986 1091 2024 Lib.
1114 1986 1144 2023 l.
1175 1985 1224 2022 de

101 2036 275 2076 moribus
303 2037 503 2076 Ecclesiae
525 2037 743 2076 Catholicae
763 2052 798 2076 c.
822 2039 886 2083 54.
917 2036 1052 2074 Nolite
1081 2049 1221 2075 conse-

101 2087 203 2129 ᾶαηζ
230 2091 366 2131 turbas
394 2094 697 2143 imperitorum,
745 2095 811 2141 qui
840 2090 898 2130 rel
927 2094 969 2128 in
1011 2094 1102 2141 ipsa
1130 2090 1220 2127 reli-

99 2146 218 2195 gione
247 2149 506 2198 superstitiosi
533 2154 652 2192 sunt,
700 2145 758 2182 rel
785 2148 845 2182 ica,
887 2143 1036 2181 libidini
1065 2142 1218 2190 dediti,

99 2205 144 2234 ut
169 2198 277 2238 obliti
305 2203 385 2238 sint
403 2229 413 2248 ,
442 2199 536 2250 quid
563 2200 826 2247 promiserint·
846 2195 935 2234 Deo
952 2222 962 2234 .
980 2222 990 2234 .
1008 2221 1019 2234 .
1037 2220 1048 2233 .
1096 2193 1219 2233 Nunc

101 2263 168 2290 vos
196 2252 292 2292 illud
321 2252 548 2300 admoneo,
578 2259 620 2287 uc
650 2248 869 2301 aliquando
899 2248 1100 2286 Ecclesiae
1129 2262 1220 2287 ma-

99 2304 270 2346 ledicere
301 2305 494 2344 desinatis
513 2334 523 2352 ,
552 2302 810 2353 vituperando
830 2316 962 2340 mores
991 2301 1219 2351 hominum,

101 2371 200 2410 quos
226 2362 277 2403 ὠ·
292 2363 379 2411 ipsa
403 2357 650 2396 condemnat
666 2387 677 2406 ,
705 2357 755 2399 <9⁶
775 2370 870 2409 quos
890 2355 1081 2408 quotidie,
1111 2366 1220 2394 tam-

100 2425 228 2462 quam
257 2413 389 2452 malos
406 2411 550 2465 filios,
579 2415 776 2462 corripere
796 2410 949 2449 studet.
982 2409 1060 2448 Ubi
1090 2409 1220 2462 plures

99 2465 316 2505 admodum·
341 2479 495 2518 graves,
523 2467 592 2518 qui
620 2475 712 2504 tunc
741 2467 780 2504 in
798 2463 972 2503 Ecclesia
993 2464 1217 2516 serpebant,

98 2518 243 2560 abusus
272 2519 332 2559 vel
362 2521 506 2559 invitus
534 2527 764 2568 enumerat,
793 2532 915 2568 neque
943 2526 1126 2566 excusat,
1156 2519 1219 2556 sed

98 2574 226 2615 solum
256 2587 318 2613 eos
346 2573 531 2613 Ecclesiae
562 2574 750 2625 imputari
780 2572 944 2611 minime
971 2579 1145 2625 oportere
1166 2585 1219 2610 ae-

99 2630 288 2684 quissimo
318 2626 403 2679 jure
431 2627 623 2667 contendit
654 2626 719 2678 (a)
737 2652 747 2665 .

155 2682 249 2722 550.
280 2681 412 2734 Ohjic.
430 2695 468 2721 2.
497 2689 627 2722 contra
643 2679 848 2719 secundam
867 2686 1012 2730 partem
1030 2704 1040 2716 .
1069 2678 1218 2717 Etiam-

97 2737 130 2778 si
159 2737 295 2788 detur,
343 2735 549 2776 nonnullos
585 2736 627 2775 in
656 2733 832 2774 Ecclesia
859 2731 1058 2772 Catholica
1100 2733 1217 2772 fuisse

151 2879 200 2916 (a)
229 2874 391 2921 Synodus
417 2873 519 2909 Trid.
546 2875 636 2908 sess.
663 2873 782 2908 XXV.
811 2871 866 2906 De
894 2875 1134 2910 invocatione,
1164 2884 1216 2905 ve-

96 2927 280 2956 neratione
296 2944 307 2963 ‚
333 2928 374 2955 Θ
398 2924 557 2966 reliquiis
575 2925 758 2955 ,ταηὶἶονιιηι
772 2942 783 2961 ‚
811 2925 852 2954 ΕΤ
873 2923 984 2952 sacris
1013 2920 1218 2961 imaginibus

99 2968 268 3002 nonnulla
295 2969 461 3013 praecepit
489 2966 531 3000 ad
556 2978 697 3001 omnem
716 2966 977 3012 superstitionis
1003 2965 1155 3012 speciem
1174 2965 1217 2999 ab

102 3013 309 3059 hujusmodi
338 3016 447 3048 sacris
474 3014 604 3048 ritibus
629 3012 882 3048 amovendam-

146 3062 192 3100 (ὂ)
219 3062 331 3094 Locus
359 3061 423 3094 iste
450 3061 537 3094 solet
564 3061 608 3094 ab
633 3059 843 3094 adversariis
881 3058 1118 3103 copiosissime
1144 3066 1218 3091 tra-

101 3108 210 3148 &ari3
245 3111 277 3140 ἃ
303 3119 482 3152 nunqnam
510 3116 648 3141 cessant
673 3107 781 3141 totius
807 3107 973 3142 Ecclesiae
999 3105 1190 3138 Catholicae
1206 3127 1217 3145 ,

99 3155 324 3199 potissimum
351 3163 468 3187 autem
495 3155 601 3188 curiae
621 3155 788 3188 Romame
806 3154 893 3186 vitia
910 3175 919 3193 ‚
945 3164 1021 3197 (με),
1040 3152 1125 3185 olim
1143 3152 1218 3184 fue·

100 3210 211 3241 runt,
236 3205 268 3235 ‹Sc
293 3213 444 3247 quorum
471 3201 590 3246 aliqua
616 3203 762 3234 fortasse
788 3199 902 3235 adhuc
922 3206 1134 3244 supersunt,
1160 3210 1217 3231 re-

100 3259 268 3291 censere,
293 3259 397 3282 attue
423 3248 529 3281 etiam
556 3259 789 3292 exaggerare,
818 3260 927 3291 usque
954 3244 996 3278 ad
1023 3256 1215 3285 nauseam,

104 3297 136 3326 &
161 3306 238 3338 quae
266 3261 472 3328 Cardinales
499 3307 517 3328 a
544 3294 743 3328 Paullolll.
768 3292 888 3326 delecti
915 3293 949 3325 in
976 3291 1103 3325 celebri
1124 3293 1217 3325 Con·

102 3341 185 3374 cilio
209 3339 304 3374 edito
329 3342 484 3385 primum
510 3340 553 3374 ab
581 3348 740 3385 apostata
766 3340 867 3373 Petro
893 3339 1000 3372 Paulo
1025 3338 1215 3382 Vergerio‚

101 3387 187 3424 otim
211 3388 386 3435 Episcopo
410 3388 709 3436 Justinopolitano
739 3386 968 3434 Argentorati
997 3385 1100 3428 1555·
1137 3396 1216 3432 quae

2262 149 2347 192 227

1300 214 1407 253 omni
1438 223 1606 266 tempore
1635 222 1807 262 sanctos,
1848 222 1995 254 certum
2024 223 2077 255 est
2104 224 2232 255 tamen
2250 245 2261 264 ,
2291 213 2413 254 multo

1302 267 1431 320 plures
1461 268 1577 305 fuisse
1606 280 1756 318 semper
1784 267 1960 306 homines
1990 269 2209 322 hypocritas
2229 299 2240 318 ,
2271 270 2416 321 impro-

1299 323 1395 369 bos,
1439 320 1745 359 scelestissimos:
1788 334 1855 358 cur
1885 335 1972 373 ergo
2002 336 2071 361 uon
2102 324 2228 376 potius
2257 322 2306 360 ab
2335 323 2417 361 istis

1299 376 1514 414 desumitur
1543 373 1730 413 Ecclesiae
1760 373 2041 423 denominatio,
2072 386 2111 414 ut
2141 390 2212 414 non
2242 374 2415 426 sanc-la,

1299 429 1362 468 sed
1393 441 1578 478 perversa
1597 458 1607 476 ,
1636 427 1670 464 ἃ
1700 425 1869 478 reproba
1897 428 2113 477 appelletur
2143 427 2232 480 (b)?

1358 483 1450 522 55ι.
1483 481 1671 533 Respond.
1701 480 1888 520 Ecclesiae
1910 492 2047 518 nomeu
2077 496 2098 519 a
2118 483 2305 521 nobiliore
2333 483 2418 534 ejus

1303 546 1409 586 parte
1438 550 1514 573 esse
1544 535 1818 573 desumendum
1836 564 1847 584 ,
1895 546 2013 586 quam
2044 542 2142 571 certe
2184 537 2418 574 constituunt

1304 590 1475 628 homines
1504 589 1623 642 justi,
1655 587 1687 624 8(
1709 589 1792 640 pii,
1821 590 1892 640 qui
1912 588 2027 625 etiam
2058 587 2103 624 ad
2121 586 2204 637 ejus
2234 589 2414 639 spiritum

1301 645 1520 695 pertinent,
1551 642 1584 679 8(
1615 644 1682 695 qni
1713 643 1862 680 nonnisi
1892 642 1933 680 in
1964 653 2052 679 vera
2072 639 2212 678 Christi
2240 641 2416 681 Ecclesia

1303 699 1464 749 reperiri
1489 706 1665 750 possunt,
1696 695 1785 734 licet
1815 694 1853 733 hi
1876 695 2078 747 pauciores
2099 694 2174 732 siut
2190 719 2200 732 .
2231 693 2312 732 Hac
2335 696 2417 745 ipsa

1302 752 1347 788 de
1377 765 1491 789 causa
1520 751 1647 788 Sauct.
1678 749 1884 788 Matthaeus
1915 747 2081 786 XXVII.
2116 746 2178 786 55.
2209 746 2419 786 Jerusalem

1302 803 1513 855 appellavit
1542 802 1732 841 3³12than
1761 807 1991 850 civitatem,
2032 811 2113 854 tum
2142 810 2294 853 propter
2323 810 2419 839 tem-

1302 857 1414 909 plum
1433 887 1444 905 ,
1475 871 1688 910 verumque
1710 856 1860 896 cultum
1882 856 1955 897 Dei
1973 885 1984 904 ,
2014 864 2096 893 tuin
2115 855 2233 892 etiam
2264 862 2418 906 propter

1301 908 1451 961 aliquos
1472 912 1629 950 Sanctos
1646 941 1656 958 ,
1687 923 1781 964 quos
1809 912 1848 949 in
1877 922 2055 963 perversa
2084 909 2235 947 natione
2256 907 2419 948 Judaiea

1303 962 1378 1001 sibi
1410 963 1513 1002 Deus
1542 977 1691 1016 semper
1720 964 1953 1004 reservavit·

1355 1015 1448 1054 552.
1477 1019 1654 1055 Ceterum
1696 1019 1839 1057 zizania
1882 1018 2011 1055 futura
2047 1017 2087 1056 in
2118 1027 2208 1067 agro
2237 1014 2417 1054 Domini-

1299 1082 1371 1116 co,
1402 1070 1494 1107 idest
1525 1080 1738 1122 peccatores
1768 1074 1806 1110 in
1837 1070 2037 1116 Ecclesia,
2074 1068 2244 1108 Christus
2273 1069 2416 1120 praedi-

1299 1123 1353 1159 xit
1382 1121 1523 1161 Manli.
1545 1123 1654 1161 Xlll.
1689 1124 1751 1160 25.
1782 1138 1888 1176 seq.,
1918 1123 1952 1160 8(
1975 1122 2071 1161 alibi
2090 1148 2100 1161 .
2132 1123 2235 1160 ldem
2266 1122 2416 1173 signifi-

1298 1177 1426 1224 cavit,
1457 1175 1670 1216 Ecclesiam
1702 1189 1928 1228 comparans
1957 1176 2070 1212 modo
2098 1189 2275 1225 sagenae,
2316 1175 2350 1210 ὅ(
2376 1177 2417 1213 iu

1298 1243 1376 1280 qua
1391 1229 1506 1267 simul
1538 1232 1786 1270 inveniuntur
1807 1231 1926 1282 pisces
1956 1227 2077 1275 boui,
2108 1227 2141 1263 &
2169 1228 2287 1275 mali,
2318 1229 2416 1266 ibid.

1300 1284 1395 1333 [47.;
1427 1283 1539 1321 modo
1567 1296 1695 1331 areae,
1732 1284 1773 1321 in
1803 1297 1880 1335 qua
1909 1280 2026 1320 simul
2057 1294 2146 1319 cum
2176 1282 2301 1320 tritico
2329 1289 2418 1319 sunt

1299 1336 1422 1387 paleae
1439 1337 1485 1374 ad
1500 1336 1820 1386 comburendum⁷
1841 1333 1982 1374 Matth.
1998 1334 2067 1374 111.
2088 1347 2176 1380 12.;
2206 1347 2294 1387 quae
2317 1348 2418 1386 pra:-

1298 1391 1414 1428 dictio
1442 1389 1502 1429 vel
1545 1392 1585 1429 in
1615 1391 1696 1442 ipso
1724 1390 1853 1442 primo
1882 1388 2067 1428 Ecclesiae
2109 1388 2264 1426 exordio
2292 1388 2418 1426 adim-

1297 1443 1399 1495 pleta
1429 1445 1528 1492 fuit,
1559 1453 1599 1481 ut
1627 1452 1728 1496 patet
1758 1456 1802 1481 ex
1832 1442 2000 1495 epistolis
2029 1441 2160 1480 Sancti
2190 1439 2331 1490 Pauli,
2358 1446 2416 1481 'a-

1293 1497 1515 1549 liorumque
1546 1497 1815 1550 Apostolorum
1833 1526 1843 1544 ‚
1886 1509 1931 1534 ex
1969 1494 2140 1547 epistolis
2168 1493 2298 1532 Sanfti
2327 1493 2414 1532 Cte-

1293 1553 1429 1590 meutis
1452 1552 1612 1590 Romani
1630 1581 1640 1600 ,
1671 1551 1705 1587 δι
1726 1551 1859 1602 ignatii
1878 1549 2066 1601 Martyris
2082 1578 2093 1596 ,
2123 1547 2288 1601 aliisque
2308 1550 2413 1600 prio-

1292 1617 1380 1643 rum
1410 1615 1627 1658 temporum
1657 1605 1915 1642 monumentis
1937 1630 1947 1641 .
1976 1603 2126 1653 Dignus
2156 1611 2237 1649 est,
2267 1603 2334 1653 qui
2358 1601 2412 1639 le·-

1291 1668 1400 1710 gatur
1428 1657 1590 1698 Sanetus
1610 1658 1842 1709 Augustinus
1871 1658 1911 1695 in
1940 1657 2058 1696 variis
2085 1656 2162 1693 suis
2191 1654 2303 1693 libris
2323 1668 2413 1693 con-

1293 1722 1351 1752 tra
1380 1713 1624 1760 Donatistas,
1657 1712 1723 1750 nbi
1753 1713 1902 1763 copiose
1931 1709 2118 1756 ostendit,
2149 1709 2308 1756 malos,
2345 1713 2413 1759 qul

1291 1770 1331 1804 in
1362 1765 1551 1806 Ecclesia
1578 1766 1738 1818 plurimi
1767 1773 1856 1803 sunt
1875 1795 1885 1814 ,
1915 1766 2002 1818 ejus
2032 1760 2239 1802 sanffltatz·
2268 1775 2348 1800 non
2368 1775 2410 1802 o-

1292 1819 1403 1859 besse
1425 1847 1436 1859 .

1345 1874 1439 1913 555.
1469 1873 1610 1912 Dices.
1640 1872 1809 1912 Christus
1824 1872 2013 1911 Dominus
2030 1869 2128 1908 lianc
2146 1869 2412 1908 membrorum

1291 1927 1476 1966 Ecclesiae
1507 1928 1739 1965 sanctitatem
1770 1924 1982 1976 aliquando
2016 1924 2236 1961 defuturam
2268 1923 2413 1974 praedi-

1291 1982 1374 2024 xit;
1403 1993 1492 2016 nam
1514 1979 1654 2017 Matth.
1676 1977 1826 2016 XXIV.
1855 1991 1913 2015 11.
1936 1976 2084 2024 Multi,
2114 1976 2239 2028 inquit
2256 2005 2267 2023 ,
2296 1987 2409 2025 pseu-

1292 2030 1562 2083 (lo-proplzetoe
1591 2041 1784 2084 surgent,
1832 2031 1882 2072 ἐν·
1911 2029 2105 2069 seducent
2127 2029 2277 2067 ‘multos
2299 2043 2312 2066 .·
2360 2029 2411 2069 ὅ)

1287 2089 1483 2136 quoniam
1512 2084 1730 2122 abundabit
1760 2087 1977 2134 iniquitas,
2015 2082 2249 2133 refrigescet
2278 2081 2412 2120 chari-

1286 2147 1352 2179 tas
1382 2138 1626 2175 multorum.
1655 2137 1703 2175 Et
1732 2136 1859 2175 adhuc
1887 2136 2030 2174 clarius
2052 2136 2169 2174 Lucae
2190 2135 2338 2173 XVIII.
2368 2135 2410 2174 8.

1287 2189 1408 2229 Filius
1429 2189 1599 2228 hominis
1620 2193 1781 2228 veniens
1798 2219 1808 2237 ,
1837 2197 1954 2239 putas
1972 2218 1982 2235 ,
2013 2191 2184 2226 inveniet
2198 2187 2337 2241 fidem
2365 2193 2410 2228 in

1288 2253 1399 2282 terra.
1416 2242 1441 2280 ἓ
1469 2245 1567 2283 Cum
1589 2256 1677 2295 ergo
1704 2252 1803 2281 notae
1824 2242 2010 2281 Ecclesiae
2040 2241 2204 2281 debeant
2223 2255 2301 2279 esse
2322 2255 2409 2295 per-

1288 2307 1414 2351 petuae
1433 2327 1443 2346 ,
1472 2310 1549 2336 non
1578 2298 1714 2349 poterit
1744 2295 1919 2335 sanstitas
1948 2294 2214 2333 membrorum
2243 2295 2314 2333 &c-

1344 2351 1437 2397 554.
1468 2349 1654 2403 Respond.
1685 2351 1754 2389 His
1772 2380 1783 2399 ,
1812 2364 1858 2388 ac
1885 2348 2080 2388 similibus
2099 2348 2239 2387 Christi
2269 2348 2407 2388 Domi-

1287 2407 1325 2444 ni
1348 2403 1660 2458 praedictionibus
1681 2413 1824 2443 tantum
1853 2402 2065 2455 significari
2086 2401 2201 2441 fidem
2221 2432 2233 2450 ,
2262 2401 2298 2439 ἃ
2318 2416 2404 2442 san-

1288 2458 1515 2497 &iunoniam
1559 2460 1599 2496 in
1629 2457 1802 2496 Ecclesia
1843 2470 2123 2509 nonnunquam
2152 2456 2405 2494 imminutum

1286 2514 1335 2552 iri
1365 2521 1517 2566 propter
1539 2511 1778 2550 vehementes
1807 2511 2084 2562 persecutiones
2102 2540 2111 2558 ,
2142 2523 2230 2563 quae
2260 2509 2405 2548 futurae

1285 2577 1396 2615 sunt,
1427 2567 1626 2619 praecipue
1655 2568 1694 2604 in
1723 2564 1858 2603 diebus
1880 2562 2131 2611 Antichristi,
2161 2576 2254 2615 quos
2274 2571 2404 2603 tamen

1284 2620 1458 2659 Christus
1501 2621 1580 2672 ipse
1611 2623 1626 2671 (
1656 2618 1797 2657 Matth.
1819 2617 1969 2657 XXIV.
2017 2630 2081 2656 22.
2111 2617 2126 2666 )
2170 2617 2401 2656 breviandos

1285 2688 1362 2713 esse
1393 2674 1573 2727 praedixit
1601 2682 1758 2723 propter
1787 2670 1956 2710 elecios:
1999 2680 2110 2709 erunt
2139 2671 2254 2722 igitur
2284 2672 2401 2709 etiam

1284 2737 1372 2769 tunc
1401 2726 1532 2777 eleni,
1563 2728 1604 2766 in
1624 2725 1766 2780 quibus
1795 2740 1839 2766 ea
1859 2723 2036 2764 sanstitas
2055 2724 2282 2778 apparebit,
2311 2737 2403 2776 quae

2298 2786 2351 2817 est

1287 2870 1414 2903 Franc.
1434 2865 1623 2903 Petrai-cha
1649 2865 1684 2899 in
1710 2864 1781 2898 suis
1807 2863 1990 2909 epistolis,
2016 2874 2091 2907 quae
2113 2862 2308 2901 Erasmus,
2334 2860 2401 2895 Ni-

1287 2916 1352 2950 col.
1379 2913 1418 2947 de
1438 2913 1638 2957 Clexnangis
1653 2933 1664 2952 ,
1690 2912 1819 2955 aliique
1844 2909 1885 2943 de
1905 2909 2128 2954 corruptione
2147 2908 2313 2943 Ecclesiae
2331 2908 2401 2942 Ro-

1286 2973 1399 2998 xnanae
1427 2961 1642 3004 scripserunt
1659 2979 1670 2998 ‚
1696 2959 1732 2991 in
1757 2969 1865 2992 unum
1884 2957 2048 3001 colligere
2062 2978 2073 2998 ‚
2100 2964 2138 2990 ut.
2152 2953 2323 2999 majorem
2343 2955 2397 2987 in-

1288 3015 1410 3054 gprant
1429 3007 1608 3042 horrorem
1624 3027 1635 3047 ‚
1663 3017 1730 3038 non
1749 3005 2029 3049 praetermittunt
2045 3025 2053 3034 .
2080 3000 2146 3036 Sed
2169 2999 2277 3046 qnid,
2303 3013 2399 3045 quse-

1286 3068 1348 3096 so,
1389 3055 1575 3087 lucrantur
1601 3064 1680 3086 cum
1707 3052 1783 3086 istis
1810 3049 2091 3086 accusationibus
2123 3049 2255 3094 partim
2280 3047 2397 3086 veris,

1286 3102 1417 3147 partim
1431 3101 1527 3134 falsis
1543 3121 1553 3140 ,
1580 3099 1646 3133 nisi
1663 3107 1700 3132 ut
1720 3098 1890 3144 probent,
1916 3097 2051 3131 nullam
2065 3107 2137 3129 esse
2155 3096 2190 3128 in
2209 3103 2280 3128 toto
2297 3104 2398 3125 mnn-

1285 3147 1331 3183 do
1356 3151 1505 3181 sanaam
1532 3146 1753 3181 Ecclesiam?
1793 3145 1908 3179 Facile
1934 3143 2028 3188 enim
2052 3151 2131 3183 est,
2168 3136 2394 3189 discurrendo

1284 3207 1346 3242 per
1365 3206 1483 3228 omnes
1502 3193 1695 3227 Christiani
1715 3192 1867 3226 nominis
1884 3190 2144 3224 communiones
2160 3209 2169 3227 ‚
2199 3187 2325 3236 abusus
2341 3195 2394 3235 ιρ-

1283 3242 1402 3275 venire
1417 3263 1428 3282 ‚
1453 3243 1485 3274 &
1511 3239 1694 3274 scandala.
1721 3239 1942 3284 Synagogam
1971 3238 2005 3270 in
2024 3244 2131 3269 veter.
2151 3241 2286 3265 testam.
2307 3231 2393 3262 luis-

1284 3301 1319 3322 se
1345 3299 1466 3321 veram
1492 3287 1686 3321 Ecclesiam
1719 3297 1821 3319 nemo
1855 3284 2059 3328 negaverit5
2099 3284 2130 3313 &
2157 3288 2270 3310 tamen
2308 3284 2394 3319 quot

1286 3336 1443 3375 scelera,
1481 3337 1512 3368 δε
1535 3333 1744 3380 gravissima
1767 3341 1911 3379 peccata
1935 3330 1988 3364 illi
2023 3325 2283 3373 exprobrarunt
2309 3322 2395 3358 Pre-

1286 3381 1399 3430 phetae
1421 3381 1429 3416 Ξ
