2564 3706
992 81 1075 127 DE
1110 82 1470 128 PROPHETIIS
1487 113 1499 128 .

86 159 177 202 deri
205 166 362 214 possunt
386 189 397 208 ,
425 166 468 197 ut
496 164 580 198 sunt
601 170 668 208 ea,
698 170 788 212 quae
817 160 968 200 nonnisi
997 176 1019 200 a
1040 162 1121 200 Deo
1142 162 1211 202 fie-

89 217 128 255 ri
158 223 326 268 queunt,
355 221 471 265 atque
500 228 523 251 a
551 212 676 251 libera
696 212 780 265 ejus
807 212 1000 253 voluntate
1018 216 1209 267 pendent.

93 269 162 309 Sic
189 267 343 306 nonnisi
366 280 434 318 per
463 267 637 304 divinam
659 265 934 306 revelationem
954 268 1033 306 Noe
1064 271 1207 320 praevi-

92 323 183 362 dere
211 321 360 371 potuit,
399 319 432 355 ἃ
463 319 675 370 praedicere
704 319 897 359 diluvium
915 351 926 370 ,
974 322 1008 358 &
1038 322 1207 374 Angelus

92 371 432 424 conflagrationem
455 372 660 421 Sodomae,
690 372 724 409 &
754 374 981 414 Gomorrhae
999 405 1010 424 ,
1040 376 1128 426 igne
1161 376 1207 413 de

91 424 196 466 coelo
224 425 381 478 pluente
398 452 409 464 .
439 425 624 477 Ejusdem
646 428 795 477 generis
823 437 909 467 sunt
924 430 1039 466 etiam
1069 429 1208 480 praedi-

90 477 236 518 stiones
266 492 394 518 rerum
412 509 423 529 ,
453 493 541 532 quae
573 479 622 516 ab
646 479 845 519 hominum
862 482 1021 533 quidem
1050 481 1210 519 arbitrio

87 533 407 585 suspenduntur,
455 545 590 570 earum
619 541 744 571 tamen
782 534 892 573 nulla
921 543 997 582 est,
1040 544 1104 571 aut
1132 547 1210 573 esse

87 596 216 640 >potest
243 585 492 638 conjestura3
529 595 569 623 ut
598 599 689 624 cum
707 587 833 625 isaias
862 602 948 641 cap.
971 587 1113 626 XLlV.
1147 588 1211 626 28.

92 648 180 680 ante
211 653 303 678 200.
332 638 554 691 &amplius
583 641 898 692 annospraedixit
928 640 961 676 8<
982 654 1180 694 personam
1200 670 1211 688 ‚

90 692 131 730 ἃ
160 705 302 732 nomen
328 693 425 745 Cyri
459 692 566 744 Regis
584 722 595 742 ,
625 692 659 729 Bt
688 693 879 733 beneficia
908 694 958 733 ab
987 707 1034 733 eo
1063 693 1213 732 Israeli-

94 747 146 786 tis
171 746 398 785 conferenda
429 748 493 797 (a)
510 772 521 784 .
1009 762 1011 764 ·

150 799 244 838 260.
273 799 375 839 Hinc
404 808 535 852 patet,
582 797 800 852 prophetias
829 799 882 837 ita
919 806 1095 849 acceptas
1123 811 1212 850 pro-

89 853 180 905 prie
208 853 307 892 inter
323 852 514 892 miracula
543 866 622 891 esse
642 852 886 890 recensendas
902 881 913 899 ,
942 852 1036 903 quia
1056 864 1212 889 omnem

90 907 177 946 vim
208 906 474 959 intelligentia:
503 915 641 944 creatae
671 905 782 956 longe
809 913 1019 956 superant,
1050 903 1083 939 8<
1112 904 1214 943 solus

92 958 201 998 Deus
230 960 359 999 futura
388 959 649 1009 contingentia
668 987 678 1004 ‚
717 956 750 992 8<
779 955 903 995 libera
932 966 1034 995 certo
1064 970 1213 1009 praeno-

94 1025 199 1050 scere
227 1010 375 1066 potest.
423 1013 456 1050 A
486 1009 686 1048 miraculis
714 1018 842 1049 tamen
871 1023 915 1048 ea
944 1019 1051 1048 tenus
1079 1011 1215 1048 distin-

87 1074 264 1118 guuntur
284 1095 296 1115 ,
324 1073 512 1118 quatenus
530 1061 811 1102 miraculorum
833 1072 990 1102 eventus
1019 1062 1127 1102 illico
1146 1079 1212 1117 ap-

93 1128 233 1171 paret3
275 1127 434 1158 eventus
461 1114 912 1168 autemvprophetiarum
942 1126 1025 1170 post
1055 1117 1215 1170 aliquod

91 1173 276 1223 temporis
291 1200 303 1219 ,
332 1183 609 1222 nonnunquam
629 1170 745 1209 etiam
765 1168 976 1223 longissimi
994 1200 1004 1219 ,
1035 1170 1216 1210 interval-

92 1223 179 1262 lum
208 1220 464 1276 expestandus
484 1233 567 1262 est.
594 1223 670 1263 Sed
700 1223 740 1261 in
768 1221 843 1261 hoc
872 1232 1034 1277 apparet
1063 1226 1215 1276 sapien-

91 1277 232 1317 tissimi
259 1276 336 1315 Dei
363 1277 606 1329 providentia
662 1276 757 1315 dum
786 1289 861 1315 non
890 1277 1015 1316 solum
1044 1279 1212 1317 miracu-

91 1328 162 1378 la,
209 1343 347 1370 verum
374 1332 493 1370 etiam
522 1307 743 1384 prophetias
787 1329 911 1369 voluit
938 1345 1017 1370 esse
1046 1331 1213 1370 coelestis

92 1397 174 1422 suae
202 1382 444 1423 revelationis
470 1393 601 1430 notas;
631 1392 672 1422 ut
700 1397 840 1437 nempe
868 1398 953 1423 eam
983 1385 1017 1422 8t
1047 1399 1213 1437 praesen-

92 1444 148 1475 tes
177 1437 216 1474 in
247 1436 448 1476 miraculis
490 1446 765 1489 agnoscerent,
814 1437 848 1474 &
877 1439 1018 1490 posteri
1059 1440 1098 1476 in
1129 1453 1213 1490 pro·

90 1488 302 1542 phetaruin
332 1491 491 1528 veritate
519 1489 789 1529 confirmatam
819 1492 993 1530 viderent
1024 1491 1105 1542 (b).

151 1541 245 1582 261.
275 1542 380 1581 Patet
407 1544 551 1592 etiam,
579 1544 794 1582 maximam
811 1572 822 1592 ‚
861 1544 894 1581 St
925 1543 1214 1583 ineluctabilem

95 1609 174 1635 esse
202 1596 344 1635 debere
364 1596 653 1649 prophetiarum
683 1597 766 1636 vim
794 1596 842 1634 ad
872 1596 1048 1650 aliquam
1077 1600 1214 1636 verita-

95 1657 174 1688 tem
201 1649 511 1688 confirmandam
528 1677 540 1697 ,
568 1661 659 1687 cum
688 1661 766 1691 non
793 1649 921 1686 minus
949 1664 1068 1702 quam
1099 1652 1215 1689 mira·

95 1701 185 1741 cula
212 1703 284 1740 sint
312 1701 495 1753 quaedam
515 1702 660 1740 divinae
690 1702 909 1742 veracitatis
929 1702 1084 1754 sigilla5
1115 1705 1216 1742 unde

92 1753 195 1794 illud
234 1755 341 1809 apud
369 1755 508 1794 Isaiam
537 1753 644 1793 XLI.
682 1755 748 1794 23.
794 1760 1079 1806 annunciate,
1127 1770 1217 1808 quoe

95 1817 265 1848 ventura
293 1817 385 1847 sunt
415 1807 665 1858 infuturum
683 1838 693 1856 ,
722 1809 773 1849 (9¹
802 1813 1001 1858 sedemus,
1043 1814 1138 1862 quia.
1166 1810 1220 1848 dii

97 1865 192 1900 estis
220 1873 286 1900 vos
302 1886 314 1899 .
343 1861 437 1899 Item
455 1860 598 1900 XLVI.
619 1874 658 1913 9.
688 1859 781 1914 Ego
810 1875 898 1900 sum
914 1862 1026 1902 Deus
1045 1890 1056 1901 .
1073 1890 1083 1901 .
1103 1891 1113 1901 .
1144 1878 1219 1901 αη-

99 1917 304 1952 nuncians
331 1912 382 1951 ab
409 1913 576 1952 exordio
604 1918 863 1953 novissimum
882 1946 892 1964 ‚
922 1917 972 1957 ὠ·
1001 1915 1054 1954 ab
1081 1920 1192 1954 inicio
1209 1947 1219 1965 ‚

104 1980 196 2019 quoe
223 1966 375 2004 nedum
392 1965 520 2018 fal-‘2¹42
547 1975 667 2004 sunt.
698 1968 754 2005 Ac
782 1968 940 2006 demum
963 1969 1221 2008 Nabuchodo-

100 2033 210 2060 nosor
224 2019 482 2058 dicitDanieli
494 2048 506 2068 ,
520 2028 723 2071 postquam
738 2019 1009 2074 propheticum
1025 2024 1220 2061 somnium

102 2074 141 2112 ei
178 2072 427 2126 explicasset:
474 2085 563 2111 vere
590 2071 704 2112 Deus
746 2082 873 2113 vester
901 2074 1014 2114 Deus
1041 2075 1222 2115 Deorum

103 2136 190 2178 est,
234 2125 437 2167 Dominus
466 2126 651 2180 Regum,
694 2126 744 2169 <9⁶
772 2128 958 2168 revelans
987 2134 1188 2182 mysteria
1210 2157 1221 2170 .

151 2285 201 2322 (α)
224 2281 279 2316 De
304 2280 417 2315 variis
440 2279 652 2324 prophetiae,
677 2281 710 2312 «Sc
727 2280 897 2324 prophete
914 2280 1229 2325 significationibus

103 2327 218 2363 videri
244 2336 394 2374 possunt
421 2327 598 2371 Dupinius
622 2326 658 2359 in
684 2325 859 2361 Discours
884 2331 1122 2371 pre'limz'naire
1155 2334 1174 2361 ἁ
1193 2333 1229 2365 [α

97 2374 233 2409 «Sainte
258 2376 361 2417 Bible
386 2373 466 2408 Lib.
493 2375 520 2406 1.
545 2384 622 2418 cap.
649 2383 682 2406 2.
708 2375 740 2416 §.
768 2374 801 2407 3.
828 2376 860 2406 &
884 2377 920 2408 la
940 2373 1087 2418 Pre'face
1114 2381 1226 2421 ξένιε-’-

104 2422 181 2454 rale
209 2433 266 2455 sur
288 2425 356 2456 .les
393 2420 577 2463 prophetes
604 2419 707 2454 'Pom-
732 2420 798 2454 lX.
840 2421 886 2454 de
915 2422 950 2454 la
975 2422 1099 2455 sainte
1124 2421 1224 2456 Bible

106 2467 178 2498 διο.
204 2466 366 2500 secundae
391 2464 476 2498 edit.
507 2477 609 2509 1771.
634 2463 677 2498 de
704 2466 755 2500 M.
780 2466 941 2500 Bondet.
972 2466 1155 2510 Quantum
1182 2469 1225 2502 ad

107 2521 266 2556 praesens
293 2511 500 2545 institutum
523 2511 678 2555 pertinet
692 2532 704 2550 ,
729 2512 871 2545 nomine
888 2513 1075 2556 prophetia
1094 2515 1227 2550 intelli-

62 2568 65 2569 ’
102 2558 208 2601 ‚gitur
233 2555 480 2592 tantummodo
495 2556 676 2589 *revelatio
699 2565 890 2590 eventuum
907 2560 1132 2593 futurorum:
1160 2574 1226 2595 un-

100 2601 151 2636 de
176 2603 212 2636 S.
241 2604 434 2648 Gregorius
458 2602 494 2636 P.
516 2603 620 2636 Hom.
639 2603 667 2635 1.
693 2613 798 2647 super
815 2602 1035 2638 Ezechielem
1058 2604 1223 2640 dicebat:

102 2661 183 2683 cum
207 2651 289 2684 ideo
306 2649 498 2695 prophetia
516 2650 614 2682 dina
641 2652 714 2689 sit,
756 2651 845 2691 quod
872 2650 997 2693 futura
1033 2654 1198 2694 predicat
1214 2676 1225 2695 ,

106 2697 244 2740 quando
268 2698 313 2730 de
337 2698 512 2740 praeterito
528 2717 539 2736 ,
578 2696 629 2730 vel
653 2699 814 2739 praesenti
849 2697 1024 2742 loquitur,
1059 2704 1226 2733 rationem

106 2745 165 2776 eui
191 2746 339 2776 nominis
364 2745 513 2776 omittit.
850 2747 853 2749 '

158 2787 334 2834 Propheta
352 2788 514 2823 hebraice
532 2787 727 2822 vocabatur
744 2793 842 2840 ,7⁸7
856 2789 951 2823 Roeh
963 2791 1083 2824 videns
1094 2812 1105 2832 ,
1130 2802 1226 2837 post-

110 2846 155 2869 ea
180 2845 298 2870 autem
321 2833 427 2871 dions
455 2841 622 2889 ‘Strss'fl
644 2836 737 2872 Nabz·
763 2837 935 2884 Propheta
958 2850 988 2871 ι.
1014 2839 1142 2885 Regum
1160 2842 1224 2875 IX.

110 2893 151 2926 9·
180 2881 264 2917 Haec
288 2894 356 2918 vox
380 2883 571 2929 multiplici
597 2897 700 2920 sensu
717 2887 898 2921 invenitur
912 2909 922 2928 ,
947 2888 1087 2932 proprie
1108 2896 1224 2921 tamen

112 2939 197 2962 eum
221 2927 380 2973 designat
395 2950 407 2970 ,
449 2934 503 2974 qui
526 2944 590 2976 per
614 2932 772 2975 Spiritus
811 2938 915 2968 sanai
952 2936 1193 2967 revelationem
1212 2955 1225 2974 ,

112 2975 205 3019 qnod
218 2974 377 3018 futurum
400 2983 480 3017 est,
504 2982 728 3020 pranuntiat.
755 2982 808 3014 lta
834 2983 868 3016 S.
887 2981 1036 3014 Basilius
1062 2981 1099 3013 in
1112 2982 1223 3026 capit.

111 3020 177 3055 ln.
203 3021 302 3055 lsa'iae
329 3033 371 3054 n..
387 3031 462 3054 102.
484 3023 591 3057 Tom.
609 3026 638 3058 1.
663 3026 845 3071 inquiens:
874 3026 1048 3071 Propheta
1067 3036 1120 3060 est
1134 3049 1144 3067 ‚
1168 3030 1223 3070 qni

101 3066 217 3114 >juxta
241 3068 398 3112 Spiritus
424 3067 541 3104 Sam‘h'
567 3073 810 3109 revelationem
824 3074 979 3119 futurum
1002 3077 1223 3118 praenuntiat.

107 3113 241 3148 Latius
265 3113 358 3147 hanc
375 3125 495 3148 vocem
514 3118 648 3162 accepit
665 3119 700 3152 S.
713 3120 934 3165 Augustinus
950 3142 961 3161 ,
985 3119 1125 3165 quando
1142 3131 1223 3165 pro-

115 3157 260 3204 phetam
282 3158 446 3195 definivit
471 3167 716 3198 enuntiatorem
731 3169 902 3202 verbormn
921 3167 991 3200 Dei
1012 3167 1223 3206 hominibus,

112 3209 170 3249 qui
196 3204 306 3240 Deum
331 3209 383 3242 vel
406 3220 472 3241 ηοη
494 3217 664 3253 possunt,
699 3215 750 3247 vel
775 3227 840 3249 non
870 3222 1041 3249 merentur
1077 3214 1222 3246 audire.

119 3251 257 3297 Qnaest·
283 3254 398 3287 Xth.
423 3258 460 3287 in
485 3254 644 3290 Exodum
667 3257 781 3294 Tomo
803 3261 863 3294 ssl-

168 3298 217 3339 (ὁ)
246 3298 327 3334 Non
350 3301 464 3336 nohun
481 3301 653 3338 increduli
666 3302 758 3340 hanc
775 3304 904 3342 divinae
921 3306 1148 3343 revelationis
1161 3317 1224 3341 no-

1272 1706 1465 1759 fidelibus
1482 1738 1492 1756 ,
1520 1708 1591 1746 secl
1619 1709 1872 1770 itzfiflelibus;
1909 1722 2002 1762 prop

2269 108 2334 152 '79

1278 164 1380 203 Dan.
1401 163 1450 201 II.
1478 162 1546 215 47.
1575 163 1702 215 Vide,
1731 181 1820 220 quae
1851 182 1966 223 supra
1993 169 2162 211 diximus
2189 172 2236 212 de
2264 173 2389 215 Mira-

1275 216 1374 255 culis
1402 231 1512 256 num.
1540 216 1628 269 187.

1331 269 1423 310 262.
1452 270 1584 310 Etiam
1612 271 1784 311 Christus
1801 274 1989 315 Dominus
2018 279 2127 316 nobis
2154 279 2392 330 declaravit,

1275 332 1417 377 quanta
1446 325 1492 363 sit
1524 325 1814 377 prophetiarum
1859 329 1916 367 vis
1945 331 1990 367 ad
2023 334 2221 371 veritatem
2251 342 2388 373 nostrae

1275 376 1471 427 religionis
1511 379 1860 430 comprobandam,
1908 381 1944 417 ἃ
1973 385 2125 434 quaudo
2152 385 2306 425 Judaeos
2343 388 2392 426 ad

1278 439 1420 468 veteres
1449 431 1667 484 prophetias
1695 434 1735 471 in
1764 435 1887 485 seipso
1925 435 2149 486 adimpletas
2180 441 2389 490 saepissime

1278 485 1540 535 provocabat,
1580 484 1614 521 ἃ
1642 487 1794 538 quando
1824 489 1905 539 ipse
1935 488 2057 526 multa
2085 489 2284 542 discipulis
2313 495 2391 532 suis

1279 538 1460 587 praedixit
1478 564 1487 576 .
1517 538 1628 577 Unde
1647 540 1707 578 Jo.
1728 540 1837 579 XIV.
1872 553 1935 593 29.
1966 542 2188 593 inquiebat:
2218 545 2266 584 <9⁶
2285 558 2392 584 nunc

1279 589 1364 626 dixi
1385 589 1484 628 robis
1505 621 1514 638 ,
1543 596 1775 645 priusquam
1791 593 1904 647 fiat,
1933 603 1975 633 ut
2003 607 2096 632 cum
2111 593 2279 648 fabium
2293 597 2393 650 fue-

1281 646 1330 679 rit
1348 673 1358 690 ‚
1390 644 1565 682 credatis
1582 671 1593 684 .

1337 695 1429 734 265.
1460 698 1596 737 Divini
1624 698 1802 752 Magistri
1828 701 2052 753 exemplum
2082 703 2202 741 secuti
2230 711 2313 742 sunt
2344 704 2394 742 A-

1281 748 1445 799 postoli3
1493 750 1528 787 δι
1556 753 1714 804 quidem
1744 768 1788 792 eo
1829 769 2030 804 successu,
2075 764 2115 793 ut
2141 757 2258 795 semel
2290 757 2396 796 Petro

1281 811 1493 852 exponente
1522 818 1592 855 pro
1621 805 1741 846 hetias
1771 817 1845 846 vet.
1877 817 1959 847 test.
1988 811 2063 848 tria
2090 811 2245 848 circiter
2273 809 2397 849 homi-

1282 867 1378 892 num
1409 855 1534 894 millia
1563 860 1701 898 Cirist.
1731 860 1841 913 relig.
1872 875 2007 902 nomen
2035 863 2209 901 dederint
2239 863 2322 903 Aa.
2345 865 2395 903 ΙΙ.

1283 905 1426 945 Iterum
1448 922 1539 947 vero
1558 914 1729 965 quinque
1747 915 1895 964 millia,
1915 916 1950 951 8(
1971 916 2124 955 tandem
2141 917 2243 956 idem
2263 915 2397 957 SanEb

1282 958 1415 998 Petrus
1443 963 1482 999 in
1513 976 1550 1000 2.
1581 967 1690 1016 epist.
1711 967 1742 1004 Ι.
1778 981 1837 1020 ¹9.
1881 978 2082 1021 postquam
2111 969 2295 1009 nonnulla
2325 971 2398 1010 rni-

1282 1013 1416 1052 racula
1431 1014 1573 1054 Christi
1591 1030 1836 1058 memorasset
1853 1051 1864 1068 ,
1895 1031 1935 1059 ut
1952 1021 2076 1061 adhuc
2093 1023 2262 1062 firmiora
2278 1025 2398 1076 ipsius

1282 1066 1492 1105 divinitatis
1522 1080 1747 1120 argumenta
1777 1074 1989 1123 proferret,
2020 1075 2171 1113 subdit:
2199 1078 2249 1117 <J
2278 1075 2396 1116 habe-

1284 1133 1374 1157 mus
1391 1119 1627 1173 firmiorem
1647 1123 1917 1174 propheticum
1945 1139 2174 1171 sermonem
2191 1158 2203 1176 ,
2243 1133 2305 1167 cui
2333 1129 2397 1168 bea

1284 1173 1476 1225 nefacitis
1505 1176 1761 1215 attendentes
1778 1208 1789 1226 ,
1832 1182 1947 1230 quasi
1977 1179 2154 1217 lucernoe
2181 1181 2327 1219 lucenti
2356 1186 2398 1220 in

1284 1228 1506 1279 caliginoso
1533 1229 1618 1268 loco
1637 1258 1645 1268 .
1687 1231 1783 1269 Haec
1812 1232 1932 1270 verba
1960 1242 2219 1272 commentans
2247 1234 2288 1273 S.
2319 1235 2399 1272 Au-

1281 1284 1452 1332 gustinus
1467 1281 1593 1322 Serm.
1609 1283 1753 1322 XLIII.
1783 1299 1820 1322 n.
1842 1287 1878 1324 5.
1897 1285 2099 1336 observat,
2129 1287 2399 1340 propheticum

1281 1347 1497 1374 sermonem
1541 1337 1732 1389 appellari
1762 1337 2025 1390 firmiorem,
2075 1339 2134 1378 vel
2163 1345 2396 1390 certiorem,

1281 1389 1374 1440 quia
1405 1401 1494 1426 cum
1524 1390 1698 1429 infideles
1727 1394 1932 1442 potuissent
1962 1394 2122 1445 magicis
2151 1394 2298 1433 artibus
2326 1397 2401 1434 mi-

1281 1440 1414 1479 racula
1434 1441 1580 1481 Christi
1610 1445 1852 1493 adscribere,
1882 1459 1961 1483 non
1989 1454 2160 1497 poterant
2181 1456 2309 1488 tamen
2339 1462 2398 1487 re-

1282 1491 1418 1532 luGari
1450 1495 1680 1548 prophetiis,
1710 1511 1799 1549 quae
1829 1498 1941 1536 editae
1971 1499 2147 1548 fuerant,
2191 1510 2400 1555 antequam

1281 1546 1452 1585 Christus
1482 1551 1628 1587 veniret
1656 1551 1694 1587 in
1725 1551 1914 1589 muudum
1933 1577 1944 1588 .

1340 1600 1430 1646 264.
1462 1602 1594 1654 Neque
1624 1605 1830 1656 quisquam
1859 1604 1959 1642 illud
1987 1603 2147 1655 objiciat
2165 1605 2207 1645 S.
2229 1605 2338 1647 Pauli
2365 1622 2403 1647 ι.

1289 1651 1464 1692 Corinth.
1486 1653 1594 1693 XlV.
1628 1669 1690 1694 22.
1721 1658 1869 1708 linguoe
1896 1662 1941 1695 in
1969 1661 2129 1732 signum
2159 1669 2272 1708 sunt,
2319 1675 2401 1699 non

2015 1715 2122 1748 zetiae
2150 1722 2290 1751 autem
2319 1727 2400 1752 ηοη

1284 1759 1534 1812 infidelibus.
1577 1761 1663 1799 Non
1692 1777 1880 1815 inquam,
1910 1763 2156 1801 manifestum
2186 1775 2239 1804 est
2267 1769 2398 1816 enim,

1288 1814 1345 1851 ibi
1374 1828 1511 1852 nomeu
1540 1814 1754 1865 prophetice
1784 1831 1855 1854 non
1884 1825 1968 1854 sunt
1999 1830 2068 1868 pro
2098 1819 2307 1868 vaticinio,
2338 1822 2402 1859 sed

1287 1880 1358 1918 pro
1387 1868 1643 1920 explicatione
1686 1870 1796 1908 verbi
1826 1869 1926 1917 Dei,
1971 1870 2005 1906 St
2046 1869 2244 1919 dmstrina,
2292 1873 2403 1925 cujus

1289 1919 1464 1958 infideles
1494 1922 1661 1959 nondum
1681 1932 1789 1960 erant
1817 1936 1977 1976 capaces
1999 1949 2009 1960 .
2040 1923 2140 1962 Hinc
2161 1938 2277 1977 supra
2304 1940 2406 1966 vers.

1290 1972 1328 2011 5.
1345 1974 1514 2011 dixerat:
1546 1978 1611 2026 qui
1639 1975 1846 2027 prophetat
1863 2007 1873 2024 ,
1896 1975 2126 2014 hominibus
2155 1978 2320 2030 loquitur
2348 1979 2406 2019 ad

1289 2025 1627 2078 aedificationem,
1656 2030 1706 2071 ἴθ’
1722 2028 2041 2069 exhortationem
2058 2060 2069 2079 ,
2098 2031 2148 2073 ἔθ’
2163 2034 2404 2072 consolacio-

1290 2092 1386 2118 nem
1416 2081 1501 2132 (c).

1346 2133 1438 2173 265.
1467 2133 1598 2174 Prima
1618 2144 1753 2175 contra
1781 2149 1848 2176 nos
1874 2149 2010 2175 eorum
2039 2135 2204 2189 objectio
2231 2146 2303 2187 est,
2333 2141 2402 2192 qui

2282 2193 2347 2244 (a)

1297 2292 1370 2319 tam
1383 2279 1585 2331 ‘explodere
1610 2287 1771 2320 nituntur
1786 2310 1797 2328 ,
1821 2289 1903 2333 quia
1923 2299 2022 2321 veras
2037 2288 2237 2334 prophetias
2257 2302 2324 2325 non
2343 2292 2405 2326 ad·

1296 2333 1473 2372 mittunt3
1499 2332 1558 2366 sed
1584 2335 1635 2365 vel
1665 2335 1755 2366 inter
1782 2336 1872 2378 ipsos
1892 2333 2112 2367 Christianos
2140 2337 2270 2369 inventi
2299 2348 2404 2381 sunt,

1295 2380 1355 2422 qui
1383 2378 1573 2419 docerent,
1598 2389 1659 2412 aut
1686 2381 1817 2413 nullam
1835 2403 1844 2421 ,
1871 2390 1929 2413 aut
1946 2379 2132 2414 admodum
2151 2385 2314 2427 exiguam
2330 2396 2407 2429 pro·

1293 2425 1420 2469 plietiis
1445 2427 1516 2458 vim
1544 2426 1656 2458 inesse
1684 2425 1726 2458 ad
1751 2427 1968 2471 probandam
2002 2428 2188 2461 veritatem
2222 2431 2401 2475 religionis

1294 2471 1526 2505 Christianae.
1555 2473 1604 2504 Ita
1629 2472 1714 2505 olim
1741 2472 1945 2512 Theodorus
1971 2475 2237 2518 Mopsuestenus
2262 2475 2327 2510 hac
2352 2487 2402 2511 et-¹

1294 2519 1363 2551 iam
1389 2517 1431 2550 de
1459 2530 1562 2551 causa
1590 2519 1625 2551 in
1653 2518 1794 2563 Synodo
1819 2521 1862 2552 V.
1889 2520 2126 2565 proscriptus.
2156 2521 2254 2566 Pejus
2275 2521 2404 2558 delira-

1294 2572 1377 2597 runt
1404 2565 1580 2597 Sociniani
1597 2587 1607 2605 ,
1634 2575 1764 2599 certam
1792 2567 1989 2600 futurorum
2012 2568 2286 2612 contingentium
2314 2581 2404 2614 prae-

1294 2612 1479 2644 scientiam
1506 2611 1578 2644 Deo
1615 2610 1849 2655 denegantes.
1891 2612 1956 2645 Sed
1983 2614 2135 2648 maxime
2174 2615 2404 2657 mirandum,

1294 2666 1398 2701 atque
1423 2655 1632 2697 dolendum,
1661 2658 1700 2689 iis
1727 2659 1887 2702 pollicem
1915 2662 2079 2704 pressisse
2108 2660 2288 2703 Huqonem
2309 2664 2405 2696 Gro-

1294 2704 1382 2736 tium
1399 2726 1409 2743 ,
1435 2704 1505 2736 imo
1520 2706 1551 2735 &
1567 2702 1783 2738 Richardum
1799 2706 1992 2738 Simonium
2007 2727 2017 2745 ,
2041 2717 2127 2749 quos
2143 2716 2216 2751 post
2235 2720 2402 2754 magnum

1292 2750 1497 2783 Bossuetum
1536 2754 1548 2788 (
1575 2748 1731 2783 Insernff.
1760 2752 1940 2785 pastorale
1969 2765 2025 2784 sur
2050 2754 2084 2785 la
2109 2750 2256 2787 Version
2283 2757 2328 2789 du
2353 2752 2401 2789 N.

1294 2795 1332 2827 Τ.
1360 2801 1532 2838 imprzme'e
1559 2800 1578 2828 ἁ
1606 2795 1757 2829 Treveri-2·
1773 2820 1784 2838 ,
1819 2803 1859 2830 C?
1885 2799 2030 2831 dissert.
2058 2813 2115 2832 sur
2137 2800 2282 2835 Grotius
2307 2807 2320 2840 )
2345 2813 2402 2835 re-

1293 2843 1422 2875 sntavit
1448 2842 1483 2874 Ρ.
1503 2842 1623 2875 Baltns
1650 2844 1685 2875 in
1711 2856 1835 2888 opere:
1864 2843 2021 2888 Defense
2046 2846 2110 2878 (les
2135 2848 2334 2891 propheties
2359 2850 2403 2883 de

1293 2891 1327 2922 la
1354 2891 1503 2931 religion
1539 2889 1738 2922 chrecienne
1771 2891 1839 2922 vol.
1868 2891 1900 2923 3.
1929 2892 1962 2922 in
1994 2902 2045 2924 12.
2076 2892 2156 2924 Vid.
2196 2895 2303 2928 etiam
2331 2896 2403 2929 Pet·

1293 2935 1383 2968 Dan.
1411 2934 1560 2968 Huetius
1588 2936 1622 2968 in
1651 2935 1827 2969 Demonst.
1854 2949 1970 2979 evang.
2000 2937 2169 2983 proposit.
2198 2941 2276 2974 Vll.

1344 2986 1390 3019 (c)
1416 2981 1508 3024 Quia
1534 2993 1602 3013 non
1627 2982 1739 3015 >olum
1767 2983 2021 3020 Natus-alisiam
2048 2983 2106 3018 sed
2133 2984 2274 3030 quidun
2295 2989 2399 3021 eti-im

1292 3039 1333 3060 ex
1362 3028 1404 3060 iis
1421 3049 1431 3068 ‚
1457 3027 1514 3071 qui
1545 3028 1792 3062 revelationem
1812 3028 1997 3063 admittere
2017 3043 2052 3063 se
2072 3033 2302 3076 profitentur,
2329 3046 2400 3078 pro-

1293 3073 1429 3119 phetias
1455 3085 1527 3106 esse
1552 3072 1709 3118 ejusdem
1734 3073 1862 3108 divinae
1883 3077 2106 3112 revelationis
2126 3089 2225 3113 notas
2247 3081 2401 3113 infician-

1294 3129 1373 3160 tur,
1412 3119 1489 3152 ideo
1514 3121 1625 3153 solent
1651 3121 1759 3165 aliqui
1788 3134 1854 3155 non
1882 3123 1996 3168 inepte
2024 3123 2065 3157 ad
2094 3138 2149 3159 eos
2178 3123 2399 3159 rezfncendos

1290 3167 1397 3199 etiam
1425 3167 1526 3210 plura
1562 3170 1706 3200 sanam·-
1733 3168 1877 3202 Pati-um
1915 3171 2115 3205 testimonia
2150 3173 2295 3211 afferre,
2336 3170 2398 3214 qui

1291 3214 1483 3245 maximam
1511 3213 1546 3244 in
1572 3213 1765 3258 prophetiis
1791 3216 1862 3247 vim
1890 3228 1962 3249 esse
2002 3228 2215 3261 agnoverunt
2242 3216 2283 3249 ad
2318 3216 2400 3248 reli-

1291 3259 1427 3302 gionem
1442 3267 1602 3293 nostram
1621 3260 1937 3306 comprobandum.
1966 3264 2172 3306 Allegantur
2186 3272 2299 3295 nutem
2315 3272 2399 3306 prm·

1290 3306 1392 3350 cipue
1409 3307 1452 3339 -S.
1476 3306 1637 3341 sustinus
1673 3308 1709 3341 in
1736 3309 1911 3353 Apologia
1937 3311 1962 3342 1.
1989 3311 2160 3342 num.'30.
2198 3308 2397 3343 Lactantius
