2564 3706
823 111 904 164 DE
937 113 1218 163 PRIMATU
1248 113 1393 163 ltoM.
1426 112 1661 161 PONTIF.

103 199 237 243 divino
265 200 376 252 iure,
419 209 495 238 non
525 196 696 238 humana
725 197 958 238 institutione
1000 199 1114 238 fuisse
1144 197 1218 238 Ec-

107 256 235 296 clesiae
258 254 440 294 Rmnanae
470 266 686 292 concessum
704 279 714 291 .
746 254 798 292 Ita
821 250 960 290 liabent
988 256 1135 291 codices
1150 266 1219 291 an·

104 312 311 362 tiquiores,
344 307 375 343 8(
398 306 571 346 meliores
586 337 596 356 ,
619 316 657 344 ut
677 306 918 346 Colbertinus
940 309 955 358 (
974 307 1068 345 olim
1086 307 1219 345 Tlma-

104 366 227 412 neus)
250 361 501 401 Atrebatensis
518 392 528 411 ,
558 361 633 399 duo
653 360 987 409 Vindobouenses,
1017 359 1218 413 Hardyen·

104 417 175 464 sis,
226 412 474 455 chsariensis
498 446 509 464 ,
557 414 591 451 ἃ
621 413 751 468 plures
787 415 855 453 alii
893 414 1039 454 laudati
1067 429 1089 453 a
1117 415 1218 452 Con*

106 470 246 509 Stantlo
276 470 363 521 (cl)-

168 523 253 574 157.
287 524 343 562 Ad
368 537 403 562 2.
434 519 623 575 Respond.
653 518 812 561 Nullam
841 532 919 560 esse
961 517 1069 560 illius
1110 532 1221 560 cano·-

106 574 163 614 nis
182 576 499 615 Chalcedonensis
528 577 811 625 auctoritatem,
841 590 955 628 quem
977 575 1018 615 S.
1041 577 1117 614 Leo
1130 588 1220 613 cum

108 636 185 668 tota
207 630 380 669 Ecclesia
400 629 636 667 occidentali
668 630 914 682 reprobavit.
945 630 1026 667 Iino
1055 629 1087 666 &
1109 629 1221 667 Gra:-

106 685 144 721 ci
175 684 247 736 ipsi
278 683 427 722 nullam
449 683 567 735 ipsius
597 693 723 735 postea
754 685 935 721 rationem
968 681 1144 721 habuisse
1166 685 1222 721 vi—

104 739 138 775 si
168 748 275 783 suut;
305 749 396 775 nam
416 738 654 790 perantiquae
677 739 847 790 ipsorum
868 735 1107 776 collectiones
1134 751 1222 775 eum

106 793 284 829 omittunt
315 790 372 844 (h)
391 818 401 829 .
431 789 547 828 Porro
575 791 617 829 S.
647 790 823 830 Gelasius
855 794 869 842 (
901 792 940 828 in
971 792 1078 843 epist.
1101 792 1138 830 5.
1168 790 1224 829 cul

106 841 295 895 Episcop.
326 842 571 883 Dczrclc'aniae
601 842 645 894 ),
677 853 715 883 ut
744 845 939 893 ostendat,
983 853 1171 898 quantum
1202 859 1223 883 a

106 908 198 937 vero
227 898 455 948 abhorreat,
499 899 703 952 privilegia
734 898 915 937 Romanae
945 898 1034 937 Sedi
1071 908 1226 952 propter

107 951 218 990 urbis
246 951 470 1004 dignitatem
500 967 523 991 a
552 951 728 991 Patribus
771 954 886 990 fuisse
915 951 1081 998 collata,
1128 952 1225 990 hanc

105 1005 203 1043 inter
231 1004 326 1044 alias
370 1009 555 1045 rationem
585 1003 718 1052 affert3
761 1006 854 1056 quia
891 1007 1005 1042 etiam
1039 1004 1226 1042 Mediola-

111 1068 206 1095 num
224 1089 234 1107 ,
267 1057 470 1107 Ravenna,
491 1059 680 1098 Sirmium
694 1088 704 1107 ,
735 1057 886 1096 Treviri
905 1086 916 1104 ,
946 1056 979 1092 8(
1000 1056 1227 1095 Nicomedia

109 1111 244 1150 multis
270 1113 506 1165 temporibus
527 1113 630 1150 sedes
651 1112 930 1162 Imperatorum
947 1111 1102 1148 fuerunt
1119 1141 1129 1159 ,
1160 1123 1228 1148 nec

109 1171 238 1202 tamen
271 1165 431 1217 legimus
448 1195 459 1213 ,
490 1165 605 1202 fuisse
625 1174 822 1216 propterea
844 1177 905 1201 eos
933 1163 1082 1201 thronos
1112 1177 1229 1216 pecu-

117 1218 206 1256 liari
237 1217 372 1270 aliqua
400 1218 654 1271 praerogativa
682 1216 872 1255 distinctim
888 1242 898 1256 .
928 1216 976 1255 Et
996 1217 1036 1255 S.
1058 1216 1135 1256 Leo
1156 1220 1170 1270 (
1189 1218 1229 1256 in

117 1271 228 1324 epist.
247 1271 350 1310 CIV.
371 1272 466 1310 alias
488 1270 553 1323 78.
581 1272 629 1310 ad
649 1270 899 1310 Marcianum
920 1270 935 1320 )
957 1269 1143 1320 Ehem,
1174 1272 1230 1309 in-

110 1326 224 1378 quit,
254 1329 355 1363 sicut
382 1332 570 1377 optamus
591 1354 602 1373 ,
635 1322 941 1376 Constantinop.
977 1327 1117 1363 civitas
1145 1325 1230 1378 glo-

109 1382 221 1416 riam
250 1391 395 1418 suam.
424 1378 520 1417 Alia.
549 1388 690 1417 tumen
719 1383 825 1418 ratio
853 1388 912 1417 est
941 1392 1075 1418 rerum
1104 1391 1230 1418 soecu-

113 1432 291 1481 lartum,
321 1434 407 1471 alin
436 1431 662 1471 divinarum
683 1464 694 1481 ,
725 1433 798 1472 ἃς.
829 1431 886 1485 (c)
905 1458 916 1472 .

171 1485 260 1525 138.
291 1487 351 1525 Ad
373 1487 410 1525 5.
442 1485 554 1539 Resp.
575 1488 662 1525 satis
685 1486 937 1539 probabiliter
958 1486 1003 1525 iis
1024 1486 1150 1526 verbis
1173 1485 1231 1526 in-

112 1540 201 1588 nui,
224 1538 439 1578 Primatum
462 1541 576 1579 fuisse
598 1539 708 1578 Rom.
726 1541 900 1579 Pontifici
922 1541 1105 1579 collatum
1127 1543 1232 1593 prin-

112 1592 292 1646 cipaliter
320 1604 475 1646 propter
503 1593 604 1633 Petri
635 1595 844 1643 meritum,
888 1592 958 1633 hoc
988 1605 1040 1633 est
1068 1596 1162 1648 quia
1190 1593 1232 1633 S.

115 1641 215 1684 Petri
247 1647 514 1699 Apostolorum
542 1645 733 1700 Principis
762 1661 950 1687 successor
979 1658 1058 1698 est,
1095 1662 1233 1702 quam—

116 1699 175 1738 vis
218 1701 334 1738 etiam
379 1711 534 1754 propter
577 1698 760 1740 Romanae
804 1703 1027 1755 dignitatem
1071 1703 1237 1741 civitatis

114 1753 285 1806 idipsum
306 1757 482 1806 accipere
513 1756 734 1794 meruisset.
763 1755 876 1803 Quod
907 1768 997 1794 vero
1025 1756 1237 1797 subditur:

118 1806 262 1845 Sacrae
292 1812 418 1845 etiam
448 1808 603 1861 Synodt'
620 1808 857 1862 firmaverit
884 1808 1131 1859 anamais,
1168 1822 1237 1848 no-

114 1857 177 1898 bis
207 1862 370 1900 minime
398 1861 544 1908 officit;
587 1863 780 1914 significat
814 1865 918 1902 enim
949 1864 1119 1916 Synodos
1148 1877 1238 1902 con-

115 1913 316 1963 firmasse,
346 1916 448 1968 quod
477 1915 558 1968 jam
588 1915 807 1968 Apostolica
837 1917 877 1957 S.
907 1916 1007 1956 Petri
1035 1914 1238 1957 auetorita-

117 1974 152 2006 te
183 1968 306 2006 fuerat
335 1969 582 2007 constitut-um
614 1968 675 2021 (d)
698 1994 709 2008 .

177 2021 265 2073 159.
299 2020 376 2058 Alii
406 2031 533 2061 tamen
555 2024 813 2068 contendunt,
844 2020 1164 2058 Valentinianum
1180 2018 1238 2056 lo-

117 2083 252 2112 cutum
281 2085 358 2112 esse
388 2086 461 2111 non
492 2075 538 2112 de
558 2074 752 2110 Primatus
781 2072 987 2124 dignitate,
1018 2073 1082 2111 sed
1110 2073 1155 2110 de
1176 2071 1238 2122 ju-

116 2128 227 2166 ribus
256 2124 581 2179 patriarchalibus
610 2122 721 2162 Rom.
743 2124 937 2162 Pontificis
955 2152 965 2171 ,
994 2138 1084 2176 quae
1114 2134 1238 2173 sarta,

119 2179 296 2233 testaque
333 2180 479 2219 servari
525 2177 635 2230 jussit
676 2186 807 2215 contra
836 2177 980 2216 Hilarii
1011 2177 1239 2216 Arelatensis

120 2234 465 2288 praesumptionem
483 2257 493 2268 .
537 2232 571 2269 Is
600 2231 705 2269 enim
733 2230 864 2284 spretis
894 2230 934 2269 S.
966 2229 1104 2269 Leonis
1133 2245 1240 2269 man·

119 2288 222 2327 datis
250 2295 356 2324 extra
398 2284 612 2337 provinciae
656 2297 736 2323 suae
784 2284 927 2323 limites
956 2281 1241 2337 Episcoporum

119 2342 406 2388 ordinationes,
446 2337 479 2374 δι
507 2338 760 2391 depositiones
801 2338 876 2377 sibi
918 2337 1146 2391 arrogabat,
1176 2351 1241 2377 ne-

167 2434 215 2472 (a)
241 2432 343 2465 Tom.
371 2429 397 2464 I.
424 2431 565 2474 epistol.
592 2426 730 2464 Roman.
758 2426 855 2464 Pont.
883 2425 964 2464 Vid.
998 2431 1105 2465 etiam
1133 2431 1236 2465 Tom.

120 2476 183 2514 Ill.
211 2479 245 2511 S.
274 2478 398 2511 Leonis
422 2476 587 2511 editionis
614 2478 856 2510 Ballerinianae
884 2488 960 2522 pag.
984 2478 1038 2511 51.
1065 2490 1162 2512 num.
1180 2480 1236 2511 32.

171 2524 219 2564 (b)
249 2524 421 2568 Quamvis
448 2533 564 2568 postea
591 2524 698 2557 fuerit
723 2525 758 2556 in
777 2524 918 2568 Synodo
945 2525 1117 2558 ΓΓῐίιΠαηει
1138 2537 1238 2558 reno-

123 2579 226 2605 vatus
253 2581 330 2604 can.
358 2571 415 2604 36.
443 2577 546 2615 atque
572 2580 615 2604 ex
640 2583 681 2604 eo
705 2579 859 2616 tempore
886 2584 905 2604 a
933 2571 1067 2605 Graecis
1095 2572 1186 2605 inter
1205 2584 1242 2605 a·-

126 2618 193 2652 lios
219 2629 368 2652 canones
394 2626 598 2650 numeratus
614 2639 623 2649 .

172 2670 220 2705 (c)
249 2665 349 2698 Reae
377 2664 410 2697 S.
437 2664 590 2697 Thomas
629 2662 664 2697 in
696 2660 864 2709 opusculo
890 2662 988 2697 XVI.
1026 2661 1113 2697 alias
1139 2664 1241 2698 XIX.

125 2708 257 2746 Contra
283 2715 516 2755 impugnantes
544 2710 613 2744 Det
640 2713 761 2745 cultum
777 2732 788 2751 ‚
816 2714 856 2743 Θ
884 2711 1085 2755 religionem
1111 2723 1187 2755 cap.
1209 2712 1241 2744 3.

128 2757 246 2803 Papae,
264 2757 380 2802 inquit
395 2778 404 2797 ‚
425 2759 657 2792 immediatum
665 2759 944 2804 jizrisdic‘lionem
959 2762 993 2790 in
1008 2770 1122 2791 ornnes
1138 2759 1242 2791 Chri-

129 2809 264 2839 stianos
281 2825 292 2844 ,
317 2808 394 2847 quia
421 2804 571 2837 Romana
595 2804 764 2838 Ecclesia
788 2806 895 2838 nullis
923 2804 1123 2849 Synodict's
1152 2805 1244 2837 Con-

130 2855 267 2886 stitueis
292 2854 421 2884 ceteris
448 2849 629 2884 Ecclesiis
664 2854 802 2895 praeluta
827 2859 880 2884 est
896 2872 907 2891 ‚
948 2852 1010 2884 secl
1034 2851 1248 2895 Euangeliou

133 2910 212 2934 voce
238 2897 406 2937 Domini,
445 2903 483 2930 (9⁸
514 2898 710 2931 salvatoris
737 2902 847 2932 nostri
873 2902 1052 2941 primatum
1079 2899 1246 2940 obtinuit,

133 2953 170 2979 ut
195 2945 336 2978 habetur
362 2948 397 2978 in
424 2945 599 2977 decretis.
626 2945 717 2977 Dist.
749 2946 849 2979 XXl.
876 2957 951 2989 cap.
979 2944 1160 2989 (momnis.

178 2992 229 3030 (ιζ)
259 2993 295 3024 ln
321 2991 479 3025 Concilio
504 2992 766 3024 Constantiensi
804 2989 970 3024 damnata
1004 2998 1054 3024 est
1082 2992 1140 3024 illa
1169 2999 1248 3035 pro-

135 3038 266 3083 positio
291 3038 391 3070 Joan.
420 3037 504 3070 Hus.
532 3050 566 3070 n.
593 3050 627 3080 9.
667 3037 806 3082 Papalzs
833 3039 989 3082 dignitus
1014 3051 1034 3071 ιι
1061 3038 1192 3070 Caesure
1220 3040 1251 3070 i-

136 3086 290 3124 nolevit,
329 3086 369 3116 Θ
398 3083 491 3128 Papae
514 3085 679 3128 perse-llio
706 3096 726 3118 η
752 3085 899 3118 Caesaris
936 3088 1091 3129 potentia
1117 3097 1250 3118 emana-

139 3134 212 3165 vit.
236 3131 282 3164 Et
308 3131 485 3163 Martinus
512 3132 556 3164 V.
583 3132 616 3163 in
642 3142 702 3163 sua
718 3132 998 3168 Constitutione,
1026 3141 1131 3175 quam
1150 3142 1250 3164 sacro

141 3177 357 3222 approbante
383 3175 502 3210 eodmn
530 3178 688 3210 Concilio
712 3176 845 3217 edidit,
880 3179 1023 3211 omnino
1046 3177 1172 3221 jussit,
1210 3185 1249 3210 ut

142 3223 203 3267 qui
229 3223 273 3257 ab
299 3222 422 3257 haeresi
452 3223 675 3257 Hussitarum
701 3222 742 3257 ad
768 3223 934 3257 Ecclesiae
960 3225 1075 3257 sinum
1103 3231 1254 3257 reverte·-

144 3269 297 3309 bantur‚
322 3270 414 3303 inter
441 3271 507 3303 alia
531 3269 801 3310 confiterentur,
842 3269 967 3313 Papam
991 3275 1154 3304 canonice
1183 3272 1253 3303 ele-

145 3319 250 3355 flunt,
275 3319 329 3360 ‹jui
354 3328 415 3359 pro
442 3325 587 3360 tempore
603 3317 742 3360 filerit,
767 3328 845 3349 esse
871 3330 1103 3350 successorem
1127 3317 1166 3349 B.
1188 3316 1252 3349 Pe-

143 3364 190 3395 tri
204 3383 216 3403 ‚
242 3361 419 3398 habentem
445 3374 630 3412 supremam
654 3367 887 3399 azzeoritatem
911 3367 948 3398 in
971 3363 1137 3400 Ecclesia
1158 3363 1245 3397 Dei.

2249 117 2338 178 259

1285 210 1359 252 que
1388 197 1656 238 Ecclesiastica
1699 195 1821 235 solum
1864 204 2069 251 potestate,
2117 197 2182 238 sed
2211 199 2257 239 ad
2288 201 2326 240 id
2357 197 2397 240 vi

1286 255 1429 301 etiam,
1478 252 1511 289 &
1540 253 1657 289 arinis
1686 251 1942 300 abutebatur,
1985 254 2087 306 quod
2111 264 2215 292 certe
2246 257 2283 293 in
2313 255 2396 293 viro

1286 307 1459 360 alioquin
1489 304 1577 344 vitae
1609 306 1803 342 sanctitate
1844 307 2108 345 commendato
2137 322 2210 346 non
2240 310 2399 361 exiguus

1285 373 1418 399 naevus
1449 361 1549 398 fuit.
1591 358 1707 396 Porro
1737 355 1848 396 Rom.
1879 358 2051 397 Pontifex
2083 361 2399 401 Valentinianum

1286 416 1467 467 Imperat.
1509 410 1714 460 excitavit,
1758 420 1796 449 ut
1826 414 2045 451 auctoritate
2075 428 2142 453 sua
2183 430 2306 454 sacros
2336 431 2401 455 ca-

1289 481 1403 507 nones
1432 467 1662 515 defendens,
1693 465 1888 504 Hilarium
1920 465 1966 504 ad
1995 467 2166 505 officium
2189 475 2401 516 revocarem

1290 522 1392 575 quod
1422 521 1454 558 8(
1488 522 1631 559 factum
1663 531 1742 568 est,
1772 520 1806 556 8<
1837 534 1911 572 pax
1943 520 2220 570 redintegrata.

1350 576 1438 622 140.
1468 573 1562 625 Obj.
1592 574 1632 612 8.
1675 574 1716 612 Si
1749 569 1860 611 Rom.
1890 571 2061 612 Pontifex
2092 574 2260 613 Primatu
2307 573 2406 627 juri-

1289 626 1483 668 sdistionis
1514 630 1550 666 in
1572 627 1747 666 Ecclesia
1778 627 1963 679 polleret,
1994 637 2114 680 posset
2144 631 2406 683 unusquisque

1289 684 1336 721 ad
1370 685 1494 734 ipsum
1524 698 1545 720 a
1575 696 1820 734 quocumque
1850 680 2096 733 Episcopali,
2127 681 2187 720 vel
2217 683 2406 736 Synodali

1289 736 1437 789 judicio
1465 736 1690 789 appellare3
1734 736 1838 788 atqui
1870 736 1907 773 id
1951 738 2092 788 saepius
2120 736 2181 774 vel
2211 752 2233 775 a
2261 735 2409 775 Sanffis

1291 789 1467 829 Patribus
1489 820 1500 838 ‚
1543 789 1603 828 vel
1633 791 1746 827 etiam
1777 806 1798 828 a
1826 788 2008 829 Conciliis
2043 789 2305 843 improbatum
2334 792 2408 830 sci—

1294 859 1380 883 mus
1410 844 1468 895 (e)
1487 857 1500 880 .·
1530 856 1617 895 ergo
1647 843 1720 882 &c-

1354 897 1440 943 141.
1473 894 1585 950 Resp.
1617 911 1685 935 usu
1707 908 1835 935 rerum
1857 904 2041 950 perpetuo
2069 897 2109 936 in
2127 893 2301 937 Ecclesia
2329 905 2410 936 tam

1292 950 1547 998 occidentali,
1577 964 1694 1003 quam
1724 950 1899 994 orientali
1923 952 2037 990 fuisse
2066 952 2342 1005 appellationes
2362 951 2411 991 ad

1296 1004 1555 1057 Apostolicam
1576 1004 1674 1042 Petri
1698 1005 1824 1042 sedem
1854 1005 2119 1058 comprobatas
2137 1033 2147 1044 .
2179 1005 2221 1044 ld
2237 1007 2411 1058 superius

1295 1058 1429 1096 multis
1449 1055 1633 1109 exemplis
1653 1059 2021 1107 demonstravimus,
2052 1058 2086 1094 8(
2106 1061 2288 1111 potuisset
2309 1059 2411 1097 mul·

1295 1119 1332 1149 to
1370 1110 1546 1163 pluribus
1589 1110 1838 1148 confirmari.
1882 1113 1923 1149 Si
1953 1115 2021 1164 qui
2059 1125 2149 1151 vero
2197 1116 2312 1152 sancti
2341 1112 2413 1152 Pa·n

1296 1173 1398 1213 tres,
1441 1164 1502 1201 vel
1533 1165 1562 1202 si
1592 1178 1682 1217 quae
1712 1164 1855 1217 Synodi
1887 1165 1925 1202 id
1956 1167 2176 1217 improbare
2207 1167 2410 1216 videntur,

1295 1230 1371 1257 non
1399 1218 1446 1255 de
1468 1232 1564 1266 usu,
1594 1219 1658 1256 sed
1687 1218 1733 1256 de
1762 1218 1912 1266 abusu,
1942 1217 1976 1254 8<
2006 1219 2129 1257 nimia
2160 1219 2336 1258 facultate
2353 1222 2411 1259 inm

1300 1269 1421 1323 telligi
1450 1269 1616 1310 debent.
1660 1271 1759 1310 Nam
1792 1271 2012 1323 hujusmodi
2043 1273 2347 1324 appellationum
2377 1289 2418 1312 a-

1299 1325 1399 1364 busu
1429 1339 1625 1364 sacrorum
1656 1338 1848 1364 canonum
1878 1327 1986 1377 vigor
2015 1325 2321 1378 infringebatur3
2365 1327 2416 1366 ob

1299 1377 1470 1418 locorum
1502 1382 1605 1418 enim
1636 1379 1855 1418 distantiam
1899 1379 2095 1432 aliquibus
2138 1380 2417 1428 fraudulentis,

1298 1431 1332 1470 8r
1363 1434 1638 1471 veteratoribus
1682 1430 1836 1472 facilius
1872 1443 1951 1471 erat
1993 1434 2167 1486 decipere
2199 1434 2417 1472 Romanum

1300 1486 1550 1534 Pontificem3
1581 1488 1709 1539 itaque
1739 1487 1893 1526 meritas
1922 1487 2133 1526 criminum
2163 1500 2317 1526 suorum
2334 1502 2418 1541 poe-

1299 1554 1368 1579 nas
1397 1542 1537 1578 evitare
1569 1540 1640 1593 (s)
1659 1566 1669 1579 .

1361 1594 1448 1640 142.
1479 1593 1572 1645 Obj.
1594 1608 1632 1647 9.
1662 1591 1898 1633 Justinianus
1919 1592 2129 1647 imperator
2149 1595 2316 1648 appellat
2337 1594 2418 1633 ECn

1301 1646 1470 1686 clesiam
1504 1647 1993 1700 Consiarntnopolttamzm
2030 1653 2210 1687 omniurn
2240 1650 2420 1687 altarum

1305 1710 1426 1754 caput
1456 1705 1470 1755 (
1501 1702 1590 1741 Lib.
1614 1703 1642 1741 Ι.
1674 1703 1754 1740 Tit.
1776 1703 1804 1740 l.
1836 1701 1874 1753 ᾧ.
1898 1703 1961 1741 25.
1994 1704 2029 1750 ):
2058 1704 2098 1741 S.
2128 1712 2254 1741 antem
2287 1703 2422 1741 Avitus

1308 1760 1324 1810 (
1355 1757 1465 1809 epist.
1490 1771 1525 1808 7.
1558 1757 1573 1805 )
1603 1756 1697 1794 duos
1733 1756 1939 1794 ‘Pontifices
1970 1752 2185 1794 Romanum
2205 1788 2215 1805 ,
2260 1756 2292 1793 &
2322 1758 2422 1795 Con-

1305 1812 1515 1863 stantinop.
1545 1810 1637 1848 dicit
1667 1824 1744 1848 esse
1774 1809 1892 1847 veluti
1929 1814 2111 1861 geminos
2143 1811 2420 1862 Apostolorum

1306 1863 1537 1913 Principes:
1575 1863 1609 1899 8<
1640 1862 1765 1901 Patres
1794 1863 1939 1915 Synodi
1971 1858 2174 1901 Trullauae
2206 1863 2424 1916 aequalibus

1308 1917 1525 1971 privilegiis
1546 1919 1744 1968 utriusque
1766 1917 1871 1953 urbis
1892 1915 2099 1968 Episcopos
2130 1918 2205 1954 frui
2221 1918 2426 1954 dixerunt.

1367 1971 1454 2011 143.
1489 1969 1600 2017 Resp.
1630 1969 1676 2004 ad
1707 1970 1878 2018 primum
1897 1993 1908 2015 ,
1952 1969 1990 2005 id
2020 1982 2097 2005 esse
2126 1970 2428 2021 restringendum

1306 2016 1355 2058 ad
1385 2019 1577 2057 Ecclesias
1605 2019 1831 2066 orientales,
1862 2021 1902 2057 in
1931 2021 2074 2071 quibus
2105 2030 2185 2072 post
2206 2022 2425 2061 Concilium

1307 2071 1595 2123 Constantinop.
1616 2071 1646 2109 Ι.
1678 2071 1748 2110 illa
1776 2068 1953 2110 Ecclesia
1983 2075 2154 2124 primum
2200 2074 2327 2113 locum
2357 2077 2426 2114 ob-

1307 2125 1448 2171 tinuit3
1478 2125 1540 2162 sed
1561 2122 1735 2163 Ecclesia
1766 2121 1937 2163 Romana
1956 2140 1977 2163 a
1997 2126 2115 2164 Cone.
2146 2125 2320 2166 Trident.
2336 2140 2425 2168 sess.

1309 2175 1397 2216 VH.
1427 2191 1510 2216 can.
1534 2175 1571 2216 5.
1602 2176 1650 2216 (le
1679 2177 1798 2229 Bctpt.
1828 2188 1986 2217 vocatur
2013 2183 2195 2218 omnium
2216 2180 2425 2221 Ecclesia-

1310 2244 1401 2269 rum
1432 2240 1592 2279 mater,
1631 2233 1681 2272 <9¹
1711 2233 1944 2284 magistra;
1985 2235 2088 2286 quod
2117 2236 2258 2274 iterum
2288 2238 2425 2290 repeti-

1309 2291 1372 2324 tur
1401 2299 1486 2324 sess.
1509 2282 1638 2324 XXII.
1669 2300 1755 2339 cap.
1777 2286 1816 2324 8.
1847 2285 1908 2338 (g)
1927 2310 1938 2324 .

1369 2337 1457 2385 144.
1487 2338 1647 2378 Seruitus
1675 2349 1801 2378 autem
1823 2338 1959 2379 Avitus
1986 2338 2170 2381 duntaxat
2190 2339 2424 2383 patriarchae

1356 2432 1404 2472 (e)
1435 2431 1530 2465 Inter
1564 2430 1633 2465 alia
1658 2428 1857 2466 Concilium
1883 2429 2051 2478 Carthag.
2089 2446 2146 2467 an.
2173 2433 2255 2478 419·
2302 2435 2345 2468 ab
2372 2437 2422 2470 E-

1305 2478 1457 2524 piscopis
1479 2491 1558 2522 217.
1584 2490 1653 2512 una
1679 2489 1758 2510 cum
1778 2480 1898 2524 Apost.
1927 2479 2023 2514 Sedis
2051 2482 2188 2525 Legatis
2215 2480 2323 2515 celeb.
2342 2493 2421 2516 can.

1309 2527 1363 2559 28.
1401 2525 1475 2559 liaec
1501 2526 1630 2560 habete
1674 2523 1735 2557 Ad.
1761 2531 1988 2560 transmarina
2025 2537 2133 2561 aulem
2158 2531 2211 2571 qui
2249 2534 2423 2571 putaverit

1309 2573 1547 2616 appellandum
1564 2595 1574 2612 ‚
1611 2586 1631 2605 α
1655 2573 1749 2605 nullo
1777 2578 1873 2608 intra
1900 2574 2060 2618 Africum
2083 2576 2130 2607 ‹ch
2163 2579 2423 2610 communionem

1310 2623 1522 2661 recipiatur.
1549 2620 1635 2662 Quae
1661 2619 1767 2651 verba
1795 2621 1843 2652 ita
1869 2629 2127 2654 commentatur
2153 2622 2248 2653 Guil.
2277 2623 2425 2655 Bevere-

1310 2667 1410 2709 gius:
1440 2665 1613 2698 Eximium
1636 2675 1865 2710 argumentum
1890 2677 1944 2700 est
1960 2690 1971 2708 ‚
2011 2667 2133 2710 Papum
2159 2669 2252 2700 Rom.
2277 2679 2340 2702 nec
2365 2682 2424 2703 cct-

1311 2721 1369 2756 put
1396 2711 1566 2746 Ecclesiae
1591 2725 1692 2753 esse,
1717 2724 1779 2746 nec
1806 2724 1961 2747 summum
1988 2714 2320 2749 Ecclesiasticarum
2344 2725 2427 2750 cau-

1312 2772 1422 2791 surum
1454 2760 1636 2805 judicem,
1678 2771 1770 2804 quem
1795 2760 1993 2805 Episcopo,
2033 2770 2091 2795 aut
2122 2762 2262 2795 Clerico
2299 2767 2334 2795 in
2363 2775 2425 2797 sua

1314 2803 1498 2839 Provincia
1523 2808 1746 2839 condemnato
1774 2810 1946 2851 appellare
1972 2811 2079 2842 liceat
2095 2829 2104 2839 .
2132 2806 2194 2841 Sed
2215 2807 2349 2842 fallitur
2362 2811 2427 2843 Be-

1315 2853 1498 2896 veregius.
1539 2853 1627 2895 Quis
1653 2854 1746 2885 enim
1773 2854 1879 2886 simili
1907 2864 2112 2899 argumento
2137 2855 2304 2898 colligat,
2331 2857 2426 2890 Prin<

1316 2900 1427 2942 cipetn
1455 2911 1521 2933 non
1546 2911 1620 2933 esse
1646 2906 1750 2943 eaput
1780 2901 1902 2944 regni,
1942 2910 2214 2946 supremumque
2239 2914 2423 2937 causarum

1314 2943 1501 2986 Jmliccm,
1537 2957 1578 2979 ex
1605 2957 1675 2990 quo
1699 2958 1716 2978 a
1743 2945 1973 2989 quorumdam
1999 2947 2158 2992 judicum
2184 2951 2355 2983 sententia
2382 2949 2426 2983 ad

1316 2992 1431 3035 ipsum
1459 2993 1635 3037 appellare
1659 2993 1804 3025 minime
1830 2993 1962 3026 liceat?
2008 2994 2105 3028 Unde
2133 2995 2167 3028 in
2206 2994 2321 3029 codice
2350 2995 2425 3029 Lib.

1315 3037 1393 3071 Vll.
1421 3040 1475 3071 tit.
1504 3038 1560 3082 75.
1585 3037 1736 3072 dicitur:
1781 3039 1928 3085 Quorum
1952 3043 2206 3086 appellationes
2242 3055 2307 3075 non
2335 3047 2427 3076 reci-

1315 3094 1452 3128 piantur
1471 3107 1479 3116 .

1361 3130 1412 3174 (f)
1436 3133 1486 3164 De
1510 3127 1576 3164 hac
1600 3131 1748 3165 materia
1783 3139 1945 3168 accurate
1981 3139 2188 3180 pertrastare
2222 3133 2326 3167 nimis
2351 3134 2427 3167 lon-

1318 3187 1398 3221 gum
1434 3179 1543 3211 foret.
1581 3177 1663 3210 Vid.
1691 3179 1828 3212 Natalis
1854 3180 2053 3215 Alexander
2080 3182 2227 3215 Dissert.
2253 3181 2422 3214 XXVIII.

1321 3225 1355 3257 in
1383 3226 1467 3257 Saec.
1488 3224 1570 3264 1V.,
1597 3227 1627 3256 &
1646 3225 1826 3259 Ballerinii
1854 3228 1888 3260 in
1903 3228 2005 3262 Tom.
2023 3229 2062 3261 Η.
2089 3230 2192 3272 Oper.
2212 3227 2320 3261 San&
2336 3228 2422 3262 Leo-

1318 3271 1372 3303 nis
1400 3282 1477 3315 pag.
1504 3281 1587 3314 919.
1614 3274 1645 3303 8<
1670 3283 1741 3316 seq.

1363 3323 1412 3359 (g)
1444 3316 1610 3356 Photius,
1635 3326 1673 3351 ut
1698 3319 1851 3363 aliquam
1879 3319 2019 3353 luctuosi
2045 3320 2098 3353 sui
2125 3315 2323 3353 schismatis
2342 3332 2425 3354 cau-

1316 3374 1389 3399 sam
1414 3372 1643 3409 praetexeret,
1680 3365 1816 3400 effutire
1842 3377 1912 3400 non
1946 3372 1998 3399 est
2023 3366 2155 3401 veritus
2171 3384 2182 3406 ,
2222 3369 2353 3412 quando
2379 3369 2424 3402 de
