2504 3710
2241 112 2292 143 JX

135 190 430 257 quorumdam
467 187 626 254 palatui
663 186 810 234 minus
847 186 1025 235 fortasse
1059 184 1256 250 sapient,
1306 194 1406 230 sunt
1444 192 1590 227 tamen
1627 181 1986 227 doctissimorum
2024 179 2264 228 hominum
2302 201 2349 229 o-

134 258 248 304 mnis
285 258 365 303 aevi
398 256 657 302 ‘aucto-ritate
694 253 906 317 probata.
942 254 1150 317 Denique
1191 250 1309 297 hunc
1343 260 1575 295 tractatum
1614 247 1662 293 iis
1699 248 2043 303 concludemus,
2081 267 2184 311 quae
2221 251 2352 312 perti--

132 334 241 369 nent
276 323 330 369 ad
369 322 540 368 felicem
576 321 698 367 illum
737 320 957 383 primaevae
998 318 1263 364 innocentiae
1298 326 1489 371 statum3
1535 314 1653 358 unde
1692 325 2026 376 protoparentes
2065 315 2203 360 nostri
2241 316 2351 361 inl'e·

132 389 271 435 liciter
305 387 597 443 deciderunt,
658 397 883 450 totamque
937 402 1092 431 eorum
1128 384 1428 447 posteritatem
1467 381 1509 425 in
1563 380 1766 424 eamdem
1820 379 2108 424 calamitatem
2145 383 2352 427 omniurn

134 463 250 505 certe
278 452 528 501 ‘maximam
562 469 710 500 secum
749 464 998 499 traxerunt.
1057 452 1160 498 Hoc
1199 449 1363 512 peccati
1400 445 1624 509 originalis
1659 444 1942 508 mysterium,
1996 461 2129 489 nemo
2167 448 2354 509 profun-

135 522 233 567 dius
269 532 560 584 perscrutatus
597 531 682 574 est,
720 531 759 565 et
799 536 933 565 nemo
971 514 1202 580 operosius
1238 526 1390 560 contra
1422 513 1686 574 Pelagianos
1724 511 1949 564 defendit,
1994 527 2127 573 quam
2166 530 2353 575 magnus

135 587 441 649 Augustinus,
497 587 623 648 cujus
658 587 846 650 proinde
882 584 1129 629 doctrinam
1168 581 1355 627 fideliter
1389 578 1685 634 sectabimur,
1732 595 1781 622 ac
1813 576 2092 639 ‘diligentiam
2128 595 2211 640 pro
2248 581 2355 624 virili

139 665 286 699 nostra
323 652 622 699 imitabimur.

201 720 301 767 Vix
336 718 485 765 Adam
513 737 594 765 suo
622 719 693 763 illo
719 729 898 781 peccato
920 753 931 771 ,
964 714 1143 777 grandi
1164 711 1292 758 nimis
1312 750 1322 767 ,
1359 724 1501 759 totum
1528 707 1779 756 humanum
1817 725 1957 773 genus
1984 706 2220 766 infecerat,
2256 729 2360 757 cum

139 784 571 831 misericordissimus
608 785 732 832 Deus
768 783 1073 828 Liberatorein
1115 780 1228 825 illico
1265 780 1522 841 promittere
1560 779 1766 841 dignatus
1801 787 1861 821 est
1884 812 1895 832 ,
1935 775 2057 838 quod
2092 776 2362 840 Interpretes

138 851 348 897 concordi
386 851 475 897 fere
510 850 722 897 sententia
760 848 908 912 paucis
932 845 1255 907 refragantibus
1292 845 1505 905 colligunt
1544 862 1602 889 ex
1636 862 1671 889 c.
1699 845 1743 889 3.
1781 843 2012 890 Geneseos
2054 841 2126 887 15.
2167 854 2208 889 et
2243 860 2359 907 seq.;

140 932 239 980 quae
275 917 410 963 divini
448 915 717 963 Liberatoris
751 912 989 978 promissio
1028 930 1104 957 ore
1140 910 1469 974 Prophetarum
1508 921 1549 954 et
1584 910 1774 970 saepius,
1833 920 1874 955 et
1911 908 2065 954 clarius
2103 920 2255 972 postea
2290 927 2361 956 re-

138 983 270 1044 petita
307 982 415 1036 fuit,
453 999 502 1027 ac
537 982 719 1027 demum
757 982 799 1026 in
839 979 1112 1043 plenitudine
1148 989 1404 1040 temporum
1443 975 1708 1036 adimpleta.
1757 975 1978 1037 Quocirca
2015 986 2055 1020 et
2093 992 2175 1022 nos
2210 977 2364 1022 salutis

139 1047 341 1093 ordinem
375 1058 639 1111 sequentes,
673 1058 776 1109 post
813 1046 1011 1109 exposita
1047 1044 1300 1107 gravissima
1333 1042 1501 1106 peccati
1540 1040 1765 1101 originalis
1801 1040 1992 1094 damna,
2041 1041 2093 1086 ad
2132 1043 2360 1105 explican-

138 1113 238 1159 dam
275 1112 546 1159 uberrimam
580 1114 814 1160 salutiferae
852 1111 1175 1160 Incarnationis
1200 1111 1448 1156 doctrinam
1487 1105 1819 1158 festinabimus,
1858 1117 1898 1151 et
1936 1116 2172 1168 postquam
2207 1121 2362 1154 contra

138 1179 531 1241 pervicaci‘ssirnam
567 1180 839 1228 (Iudaeorum
876 1179 1120 1225 caecitatem
1158 1176 1483 1222 ostenderimus
1509 1210 1519 1229 ,
1556 1172 1717 1219 Jesum
1756 1170 1984 1218 Christum
2025 1189 2116 1217 esse
2149 1173 2365 1220 Messiam

141 1245 270 1290 toties
306 1246 349 1291 in
376 1246 500 1309 Lege
534 1247 802 1309 promissum
826 1282 837 1300 ,
874 1257 914 1291 et
941 1263 964 1291 a
999 1244 1157 1290 sanctis
1176 1240 1442 1289 Patriarchis
1480 1256 1646 1301 magno
1685 1255 1785 1283 cum
1824 1237 2041 1284 desiderio
2062 1250 2366 1302 expectatum,

139 1309 256 1356 haud
288 1327 450 1375 {parum
488 1312 617 1359 nobis
635 1311 934 1359 'laborandum
971 1310 1079 1365 erit,
1117 1321 1164 1355 ut
1199 1308 1571 1355 abstrusissimum
1606 1305 1694 1351 hoc
1736 1304 1995 1367 mysterium
2033 1303 2086 1349 ab
2124 1307 2365 1353 innumeris

137 1374 544 1435 Photinianorum,
581 1378 980 1433 Nestorianorum,
1015 1375 1435 1441 Eutychianorum,
1496 1370 1936 1426 Monothclitarum‚
1974 1371 2246 1436 aliarumque
2283 1372 2365 1417 hu-

139 1441 333 1502 jusmodi
372 1446 561 1506 pestium
598 1444 822 1491 erroribus
857 1443 1124 1502 liberemu53
1162 1444 1355 1488 maxime
1392 1451 1540 1485 autem
1567 1438 1909 1485 Socinianorum
1931 1474 1942 1494 ,
1978 1438 2055 1502 qui
2094 1440 2298 1484 omnium
2324 1458 2362 1484 a-

142 1507 303 1553 liorum
341 1507 637 1573 blasphemias
672 1511 716 1555 in
753 1529 829 1556 sua
867 1509 1045 1563 haeresi‚
1083 1508 1205 1571 quasi
1244 1509 1286 1552 in
1327 1506 1598 1551 t'oetidissima
1634 1503 1805 1549 sentina
1842 1504 2144 1566 collegerunt,
2181 1517 2223 1550 et
2258 1523 2365 1550 cun*

143 1584 236 1620 ctos
271 1591 376 1620 suos
408 1576 753 1636 praedecessores
793 1575 953 1619 malitia
989 1584 1281 1633 superarunt.
1321 1574 1447 1632 Isque
1473 1570 1553 1613 erit
1588 1570 1767 1629 quintus
1792 1568 2137 1614 Praelcctionum
2161 1570 2362 1617 Tomus.

206 1640 258 1682 Iu
295 1639 433 1684 Sexto
470 1648 618 1683 autem
643 1637 696 1682 de
736 1637 963 1681 immensis
988 1636 1225 1680 salutiferae
1254 1633 1574 1679 Incarnationis
1610 1631 1825 1676 fructibus
1862 1643 2044 1677 tractare
2082 1635 2364 1696 incipiemus,

141 1703 301 1749 scilicet
339 1703 393 1748 de
427 1703 585 1767 gratia
623 1704 918 1758 Salvatorz's,
955 1712 1046 1746 tam
1084 1699 1291 1756 actuali,
1327 1715 1461 1764 quam
1496 1696 1760 1750 habituali,
1790 1713 1875 1759 'per
1912 1714 2046 1760 quam
2083 1710 2225 1744 vetere
2261 1719 2367 1764 pec-

139 1770 220 1815 cati
254 1768 442 1816 homine
479 1770 523 1816 in
545 1768 679 1815 *nobis
715 1770 937 1815 destructo
973 1768 1027 1812 ad
1066 1768 1336 1829 imaginem,
1375 1776 1414 1811 et
1452 1762 1786 1809 similitudinem
1812 1762 1901 1809 Dei
1938 1780 2225 1811 renovamur.
2265 1769 2367 1814 Ma-

139 1853 229 1898 gna
258 1847 409 1882 autem
447 1835 651 1881 cautione
689 1852 801 1898 opus
837 1834 943 1888 erit,
982 1845 1029 1878 ut
1066 1833 1288 1880 declinatis
1324 1830 1500 1878 duobus
1538 1829 1752 1893 oppositis
1788 1830 1978 1892 scopulis
2006 1831 2255 1892 Pelagianae
2277 1873 2288 1891 ,
2325 1846 2367 1880 et

141 1901 542 1947 Praedestinatianae
580 1901 800 1946 haereseos
825 1900 1049 1955 medium,
1087 1910 1128 1946 et
1163 1900 1430 1946 tutissimum
1468 1913 1790 1945 cursumcum
1819 1894 2047 1942 Catholica
2079 1897 2270 1944 Ecclesia
2309 1911 2361 1945 te·

143 1983 346 2021 neamus3
379 1966 506 2030 quod
531 1967 684 2017 eadem
704 1967 954 2030 opitulante
974 1965 1061 2013 Dei
1088 1966 1224 2030 gratia
1257 1965 1386 2011 nobis
1413 1979 1623 2027 prospere
1643 1974 1905 2009 eventurum
1929 1975 2049 2009 certo
2074 1965 2363 2012 confidimus.

209 2032 319 2080 Non
355 2034 520 2078 erimus
553 2044 699 2079 autem
737 2033 972 2096 culpandi,
1008 2034 1043 2079 si
1078 2051 1100 2078 a
1125 2030 1251 2079 solita
1290 2043 1437 2078 nostra
1461 2028 1707 2085 methodo,
1745 2046 1904 2093 parum
1927 2030 2088 2076 scilicet
2125 2031 2167 2076 in
2206 2032 2367 2081 dome-

142 2098 258 2144 stieis
293 2097 557 2146 Scholarum
594 2100 778 2146 dissidiis
814 2100 1116 2154 immorandi,
1152 2101 1364 2162 tantisper
1400 2097 1706 2152 discedamus,
1750 2108 1798 2142 ut:
1834 2096 2072 2159 Majorum
2112 2108 2368 2145 nostrorum

136 2164 300 2227 >placita
328 2177 486 2212 ‘contra
520 2183 714 2230 nuperas
746 2165 1048 2230 *quorumdam
1089 2165 1437 2227 Theologorum
1477 2163 1713 2226 opiniones
1749 2174 1924 2208 strenue
1960 2174 2192 2209 tueamur.
2251 2166 2368 2211 Cum

142 2230 233 2277 istis
269 2242 417 2277 tamen
456 2244 666 2296 tanquam
694 2233 847 2278 fratres
882 2248 984 2278 cum
1025 2230 1229 2278 fratribus
1254 2232 1392 2278 amice
1415 2228 1764 2292 disputabimus,
1801 2245 2024 2275 memores
2060 2228 2174 2275 illius
2199 2230 2243 2278 S.
2269 2233 2369 2279 Au-

145 2298 309 2359 gustini
345 2299 534 2344 moniti:
573 2301 672 2363 Qui
702 2299 887 2345 scholas
920 2298 1142 2345 habemus
1173 2297 1406 2352 diversas,
1447 2296 1618 2358 templa
1654 2296 1876 2344 habemus
1909 2297 2200 2343 communia.
2256 2299 2359 2344 Pro

143 2364 299 2409 eadem
334 2366 581 2428 Religione
602 2400 615 2421 ,
675 2364 900 2428 inquiebat
934 2363 1172 2410 Facundus
1209 2362 1547 2411 Hermianensis
1578 2361 1657 2406 lib.
1683 2376 1756 2418 7.,
1808 2378 1900 2408 non
1937 2363 2086 2407 solum
2124 2363 2368 2409 dissentire

146 2446 175 2474 a
209 2445 257 2475 se
290 2431 479 2477 invicem
501 2469 513 2488 ,
555 2449 703 2478 verum
741 2432 879 2477 eliam
910 2447 1124 2495 pugnare
1158 2431 1376 2478 adversus
1412 2445 1458 2474 se
1491 2427 1731 2491 religiosi,
1770 2438 1813 2474 et
1848 2428 2097 2474 rectissimi
2120 2439 2347 2490 possunt.

211 2494 296 2541 His
328 2497 502 2552 sobrie,
562 2508 946 2560 temperanterque
984 2498 1198 2561 expeditis
1234 2497 1375 2544 multo
1410 2495 1619 2540 libentius
1660 2494 1771 2540 vires
1807 2493 1937 2539 nobis
1973 2511 1995 2538 a
2032 2493 2134 2540 Deo
2171 2493 2364 2556 benigne

144 2575 370 2606 concessas
405 2575 557 2607 contra
593 2581 669 2608 eos
701 2564 908 2609 Jansenii
944 2575 1185 2625 patronos,
1221 2564 1285 2609 vel
1324 2562 1502 2608 asseclas
1538 2559 1877 2624 impendemus,
1914 2560 1988 2623 qui
2025 2571 2071 2605 ut
2109 2560 2232 2606 novis
2260 2562 2364 2607 Mo-

143 2622 384 2671 linistarum
422 2625 654 2673 conatibus
688 2645 780 2674 sese
819 2628 959 2673 acrius
995 2640 1308 2692 opponerent,
1352 2628 1406 2674 ad
1443 2628 1695 2690 oppositam
1733 2627 2164 2673 Praedestinatiarum
2202 2638 2366 2672 sectam

146 2689 448 2738 declinarunt.
503 2693 712 2755 Quorum
751 2710 922 2739 errores
959 2712 1014 2740 eo
1049 2696 1302 2759 diligentius
1338 2713 1361 2740 a
1398 2691 1649 2740 Thomisris
1685 2703 1727 2739 et
1761 2692 1990 2747 vitandos,
2026 2702 2064 2737 et
2102 2693 2366 2738 refellendos

146 2754 362 2814 arbitror,
398 2775 487 2822 quo
526 2759 584 2805 illi
622 2759 806 2806 incautis
841 2760 1104 2822 persuadere
1141 2762 1374 2817 nituntur,
1412 2759 1616 2805 damnata
1652 2777 1729 2806 sua
1755 2760 1963 2820 dogmata
1999 2775 2091 2803 non
2129 2758 2208 2805 alia
2245 2777 2365 2813 esse,

146 2839 280 2885 quam
316 2830 414 2888 qu'ae
448 2827 705 2873 sanctissimi
742 2826 879 2872 nostri
924 2828 1136 2888 Magistri
1165 2840 1204 2875 et
1241 2829 1423 2881 Duces,
1461 2826 1742 2887 Augustinus
1778 2837 1819 2870 et
1855 2824 2082 2878 Thomas,
2143 2825 2186 2869 in
2224 2826 2365 2872 aureis

147 2888 232 2933 suis
266 2891 434 2953 scriptis
459 2893 578 2955 quasi
607 2892 886 2940 haereditario
910 2895 1006 2955 jure
1033 2892 1161 2940 nobis
1197 2894 1501 2956 reliquerunt,
1537 2908 1804 2955 causamque
1825 2907 1952 2936 suam
1977 2889 2211 2937 nobiscum
2236 2910 2363 2938 com*

151 2970 338 3002 munem
376 2957 517 3004 facere
554 2960 741 3004 vellent.

214 3021 314 3083 Qua
349 3023 393 3067 in
430 3041 500 3080 re,
558 3042 613 3070 ne
648 3025 754 3088 quid
790 3025 1092 3079 dissimulem,
1147 3041 1356 3087 magnam
1395 3023 1496 3087 ipsis
1534 3038 1684 3068 ansam
1729 3020 1909 3086 quidam
1946 3022 2194 3069 Molinistae
2232 3024 2362 3070 dede-

149 3098 279 3141 runt,
324 3089 397 3149 qui
434 3091 486 3135 ad
523 3091 731 3136 invidiam
753 3091 929 3138 Scholae
966 3104 1126 3138 nostrae
1151 3092 1375 3137 sententiis
1411 3089 1696 3136 conflandam
1736 3089 1838 3152 ipsis
1871 3090 2140 3135 'teterrimam
2163 3089 2359 3135 Calvini-

146 3152 258 3208 Sffllv
293 3152 531 3215 Bajanismi
554 3193 564 3212 ,
602 3157 874 3204 Jansenismi
912 3159 1054 3204 dicam
1088 3157 1278 3203 scribere
1305 3157 1607 3220 imprudenter
1642 3155 1733 3202 ausi
1769 3167 1898 3201 sunt:
1935 3166 2029 3200 tum
2069 3156 2153 3211 illi,
2190 3157 2263 3218 qui
2291 3173 2361 3199 ve-

145 3220 340 3265 neranda
376 3223 735 3282 gravissimorum
756 3224 1034 3287 Scriptorum
1061 3225 1247 3269 nomina
1266 3223 1524 3287 proscriptae
1560 3222 1603 3266 in
1626 3222 1846 3269 Jansenio
1884 3220 2091 3277 haeresis,
2129 3233 2199 3268 aut
2235 3236 2357 3282 aper·-

149 3293 191 3328 ta
225 3287 527 3342 accusatione,
565 3301 635 3334 ant
670 3289 824 3334 saltem
859 3292 1052 3355 maligna
1086 3291 1337 3354 suspicione
1373 3288 1588 3335 infamare
1626 3305 1719 3336 non
1755 3299 1857 3335 sunt
1892 3289 2043 3344 veriti3
2082 3287 2201 3352 quod
2228 3285 2364 3334 Nori-

287 3349 526 3406 Gazzaniga
559 3351 594 3391 T
594 3351 690 3393 heol.
719 3354 833 3396 Tom.
852 3355 884 3394 I.
1415 3349 1444 3393 b
2190 3353 2256 3399 5ἷο
2282 3389 2293 3410 a
