<?xml version="1.0" encoding="UTF-8"?>
<!DOCTYPE html PUBLIC "-//W3C//DTD XHTML 1.0 Transitional//EN"
    "http://www.w3.org/TR/xhtml1/DTD/xhtml1-transitional.dtd">
<html xmlns="http://www.w3.org/1999/xhtml" xml:lang="en" lang="en">
 <head>
  <title>
</title>
<meta http-equiv="Content-Type" content="text/html;charset=utf-8" />
  <meta name='ocr-system' content='tesseract 3.04.00' />
  <meta name='ocr-capabilities' content='ocr_page ocr_carea ocr_par ocr_line ocrx_word'/>
</head>
<body>
  <div class='ocr_page' id='page_1' title='image "./fratrispetrimari01gazzuoft_0010.png"; bbox 0 0 2457 3710; ppageno 0'>
   <div class='ocr_carea' id='block_1_1' title="bbox 236 164 323 197">
    <p class='ocr_par' dir='ltr' id='par_1_1' title="bbox 236 164 323 197">
     <span class='ocr_line' id='line_1_1' title="bbox 236 164 323 197; baseline 0.011 -1"><span class='ocrx_word' id='word_1_1' title='bbox 236 164 323 197; x_wconf 44' lang='lat' dir='ltr'>rin</span> 
     </span>
    </p>
   </div>
   <div class='ocr_carea' id='block_1_2' title="bbox 104 236 2390 3422">
    <p class='ocr_par' dir='ltr' id='par_1_2' title="bbox 134 236 2390 1107">
     <span class='ocr_line' id='line_1_2' title="bbox 229 236 2389 307; baseline 0.011 -27"><span class='ocrx_word' id='word_1_2' title='bbox 229 237 282 281; x_wconf 66' lang='lat'>{31</span> <span class='ocrx_word' id='word_1_3' title='bbox 320 236 501 300; x_wconf 67' lang='lat' dir='ltr'>quidem</span> <span class='ocrx_word' id='word_1_4' title='bbox 537 238 570 282; x_wconf 72' lang='lat' dir='ltr'>si</span> <span class='ocrx_word' id='word_1_5' title='bbox 607 239 885 299; x_wconf 71' lang='lat' dir='ltr'><strong>misericors,</strong></span> <span class='ocrx_word' id='word_1_6' title='bbox 920 255 1052 307; x_wconf 85' lang='lat' dir='ltr'>atque</span> <span class='ocrx_word' id='word_1_7' title='bbox 1086 248 1374 307; x_wconf 82' lang='lat' dir='ltr'>omnipotens</span> <span class='ocrx_word' id='word_1_8' title='bbox 1399 247 1524 294; x_wconf 82' lang='lat' dir='ltr'>Deus</span> <span class='ocrx_word' id='word_1_9' title='bbox 1559 250 1764 297; x_wconf 82' lang='lat' dir='ltr'>infirmos</span> <span class='ocrx_word' id='word_1_10' title='bbox 1788 264 1964 299; x_wconf 83' lang='lat' dir='ltr'>nostros</span> <span class='ocrx_word' id='word_1_11' title='bbox 2000 267 2183 302; x_wconf 87' lang='lat' dir='ltr'>conatus</span> <span class='ocrx_word' id='word_1_12' title='bbox 2219 255 2275 303; x_wconf 87' lang='lat' dir='ltr'>ita</span> <span class='ocrx_word' id='word_1_13' title='bbox 2310 258 2389 304; x_wconf 63' lang='lat' dir='ltr'>ad«</span> 
     </span>
     <span class='ocr_line' id='line_1_3' title="bbox 157 301 2389 380; baseline 0.013 -37"><span class='ocrx_word' id='word_1_14' title='bbox 157 301 309 360; x_wconf 60' lang='lat' dir='ltr'>iuxere</span> <span class='ocrx_word' id='word_1_15' title='bbox 346 303 624 364; x_wconf 70' lang='lat' dir='ltr'>dignaretur,</span> <span class='ocrx_word' id='word_1_16' title='bbox 664 317 711 352; x_wconf 84' lang='lat' dir='ltr'>ut</span> <span class='ocrx_word' id='word_1_17' title='bbox 746 308 1005 361; x_wconf 79' lang='lat' dir='ltr'>Adversarii</span> <span class='ocrx_word' id='word_1_18' title='bbox 1040 311 1118 358; x_wconf 86' lang='lat' dir='ltr'>has</span> <span class='ocrx_word' id='word_1_19' title='bbox 1151 312 1376 367; x_wconf 84' lang='lat' dir='ltr'>veritates,</span> <span class='ocrx_word' id='word_1_20' title='bbox 1411 330 1512 374; x_wconf 78' lang='lat' dir='ltr'>quae</span> <span class='ocrx_word' id='word_1_21' title='bbox 1546 317 1681 363; x_wconf 83' lang='lat' dir='ltr'>totius</span> <span class='ocrx_word' id='word_1_22' title='bbox 1714 317 1969 380; x_wconf 75' lang='lat' dir='ltr'>Religionis</span> <span class='ocrx_word' id='word_1_23' title='bbox 2001 320 2127 368; x_wconf 88' lang='lat' dir='ltr'>bases</span> <span class='ocrx_word' id='word_1_24' title='bbox 2160 334 2290 376; x_wconf 83' lang='lat' dir='ltr'>sunt,</span> <span class='ocrx_word' id='word_1_25' title='bbox 2340 342 2389 371; x_wconf 85' lang='lat' dir='ltr'>ac</span> 
     </span>
     <span class='ocr_line' id='line_1_4' title="bbox 161 368 2390 450; baseline 0.011 -41"><span class='ocrx_word' id='word_1_26' title='bbox 161 368 485 426; x_wconf 38' lang='lat' dir='ltr'>ltmdmnenta,</span> <span class='ocrx_word' id='word_1_27' title='bbox 520 373 702 419; x_wconf 83' lang='lat' dir='ltr'>tandem</span> <span class='ocrx_word' id='word_1_28' title='bbox 739 389 1059 436; x_wconf 86' lang='lat' dir='ltr'>agnoscerent,</span> <span class='ocrx_word' id='word_1_29' title='bbox 1096 376 1381 438; x_wconf 83' lang='lat' dir='ltr'>debitamque</span> <span class='ocrx_word' id='word_1_30' title='bbox 1419 379 1627 426; x_wconf 72' lang='lat' dir='ltr'>Ecclesiae</span> <span class='ocrx_word' id='word_1_31' title='bbox 1661 383 1948 439; x_wconf 86' lang='lat' dir='ltr'>Pastoribus,</span> <span class='ocrx_word' id='word_1_32' title='bbox 1984 386 2203 450; x_wconf 81' lang='lat' dir='ltr'>imprimis</span> <span class='ocrx_word' id='word_1_33' title='bbox 2238 400 2390 434; x_wconf 83' lang='lat' dir='ltr'>autern</span> 
     </span>
     <span class='ocr_line' id='line_1_5' title="bbox 155 431 2385 511; baseline 0.013 -37"><span class='ocrx_word' id='word_1_34' title='bbox 155 431 309 482; x_wconf 65' lang='lat' dir='ltr'>visibili</span> <span class='ocrx_word' id='word_1_35' title='bbox 345 435 548 496; x_wconf 88' lang='lat' dir='ltr'>ejusdem</span> <span class='ocrx_word' id='word_1_36' title='bbox 583 439 794 486; x_wconf 73' lang='lat' dir='ltr'>Ecclesiae</span> <span class='ocrx_word' id='word_1_37' title='bbox 831 444 962 505; x_wconf 84' lang='lat' dir='ltr'>capiti</span> <span class='ocrx_word' id='word_1_38' title='bbox 987 444 1046 495; x_wconf 79' lang='lat' dir='ltr'>R.</span> <span class='ocrx_word' id='word_1_39' title='bbox 1082 443 1134 488; x_wconf 89' lang='lat' dir='ltr'>P.</span> <span class='ocrx_word' id='word_1_40' title='bbox 1170 441 1471 490; x_wconf 78' lang='lat' dir='ltr'>obedientiam</span> <span class='ocrx_word' id='word_1_41' title='bbox 1497 457 1780 506; x_wconf 85' lang='lat' dir='ltr'>praestarent,</span> <span class='ocrx_word' id='word_1_42' title='bbox 1815 451 1904 511; x_wconf 85' lang='lat' dir='ltr'>jam</span> <span class='ocrx_word' id='word_1_43' title='bbox 1945 462 2091 498; x_wconf 85' lang='lat' dir='ltr'>totum</span> <span class='ocrx_word' id='word_1_44' title='bbox 2126 453 2385 502; x_wconf 83' lang='lat' dir='ltr'>confectum</span> 
     </span>
     <span class='ocr_line' id='line_1_6' title="bbox 153 503 2386 578; baseline 0.011 -36"><span class='ocrx_word' id='word_1_45' title='bbox 153 510 262 543; x_wconf 87' lang='lat' dir='ltr'>esset</span> <span class='ocrx_word' id='word_1_46' title='bbox 297 503 561 564; x_wconf 77' lang='lat' dir='ltr'>negotium3</span> <span class='ocrx_word' id='word_1_47' title='bbox 595 510 910 568; x_wconf 72' lang='lat' dir='ltr'>supervacanei</span> <span class='ocrx_word' id='word_1_48' title='bbox 938 509 1118 554; x_wconf 84' lang='lat' dir='ltr'>fortasse</span> <span class='ocrx_word' id='word_1_49' title='bbox 1153 510 1409 555; x_wconf 87' lang='lat' dir='ltr'>viderentur</span> <span class='ocrx_word' id='word_1_50' title='bbox 1436 512 1622 557; x_wconf 83' lang='lat' dir='ltr'>fusiores</span> <span class='ocrx_word' id='word_1_51' title='bbox 1642 512 1913 578; x_wconf 83' lang='lat' dir='ltr'>Theologiae</span> <span class='ocrx_word' id='word_1_52' title='bbox 1951 530 2180 573; x_wconf 83' lang='lat' dir='ltr'>tractatus;</span> <span class='ocrx_word' id='word_1_53' title='bbox 2217 537 2266 566; x_wconf 84' lang='lat' dir='ltr'>ac</span> <span class='ocrx_word' id='word_1_54' title='bbox 2288 519 2386 566; x_wconf 87' lang='lat' dir='ltr'>bre-</span> 
     </span>
     <span class='ocr_line' id='line_1_7' title="bbox 150 564 2384 642; baseline 0.011 -34"><span class='ocrx_word' id='word_1_55' title='bbox 150 564 211 609; x_wconf 81' lang='lat' dir='ltr'>vis</span> <span class='ocrx_word' id='word_1_56' title='bbox 243 567 469 613; x_wconf 77' lang='lat' dir='ltr'>sufficeret</span> <span class='ocrx_word' id='word_1_57' title='bbox 505 573 711 617; x_wconf 85' lang='lat' dir='ltr'>omnium</span> <span class='ocrx_word' id='word_1_58' title='bbox 748 586 1008 620; x_wconf 87' lang='lat' dir='ltr'>nostrorum</span> <span class='ocrx_word' id='word_1_59' title='bbox 1042 575 1309 638; x_wconf 85' lang='lat' dir='ltr'>dogmatum</span> <span class='ocrx_word' id='word_1_60' title='bbox 1347 577 1601 640; x_wconf 74' lang='lat' dir='ltr'>expositio,</span> <span class='ocrx_word' id='word_1_61' title='bbox 1658 582 1797 642; x_wconf 81' lang='lat' dir='ltr'>qualis</span> <span class='ocrx_word' id='word_1_62' title='bbox 1834 584 1876 626; x_wconf 95' lang='lat' dir='ltr'>in</span> <span class='ocrx_word' id='word_1_63' title='bbox 1913 583 2027 630; x_wconf 87' lang='lat' dir='ltr'>bene</span> <span class='ocrx_word' id='word_1_64' title='bbox 2079 587 2294 632; x_wconf 81' lang='lat' dir='ltr'>ordinatis</span> <span class='ocrx_word' id='word_1_65' title='bbox 2329 588 2384 632; x_wconf 88' lang='lat' dir='ltr'>ad</span> 
     </span>
     <span class='ocr_line' id='line_1_8' title="bbox 151 632 2380 714; baseline 0.01 -40"><span class='ocrx_word' id='word_1_66' title='bbox 151 632 330 677; x_wconf 79' lang='lat' dir='ltr'>rudium</span> <span class='ocrx_word' id='word_1_67' title='bbox 369 635 641 696; x_wconf 82' lang='lat' dir='ltr'>populorum</span> <span class='ocrx_word' id='word_1_68' title='bbox 680 641 1018 685; x_wconf 76' lang='lat' dir='ltr'>instructionem</span> <span class='ocrx_word' id='word_1_69' title='bbox 1053 640 1332 688; x_wconf 81' lang='lat' dir='ltr'>catechismis</span> <span class='ocrx_word' id='word_1_70' title='bbox 1368 644 1553 689; x_wconf 86' lang='lat' dir='ltr'>inveniri</span> <span class='ocrx_word' id='word_1_71' title='bbox 1589 643 1728 691; x_wconf 89' lang='lat' dir='ltr'>solet.</span> <span class='ocrx_word' id='word_1_72' title='bbox 1783 647 1872 694; x_wconf 87' lang='lat' dir='ltr'>Sed</span> <span class='ocrx_word' id='word_1_73' title='bbox 1907 651 2122 714; x_wconf 82' lang='lat' dir='ltr'>quoniam</span> <span class='ocrx_word' id='word_1_74' title='bbox 2162 653 2380 699; x_wconf 84' lang='lat' dir='ltr'>inscruta—</span> 
     </span>
     <span class='ocr_line' id='line_1_9' title="bbox 146 693 2384 773; baseline 0.011 -34"><span class='ocrx_word' id='word_1_75' title='bbox 146 693 223 740; x_wconf 79' lang='lat' dir='ltr'>bili</span> <span class='ocrx_word' id='word_1_76' title='bbox 258 700 513 747; x_wconf 79' lang='lat' dir='ltr'>divinorum</span> <span class='ocrx_word' id='word_1_77' title='bbox 552 703 824 762; x_wconf 87' lang='lat' dir='ltr'>judiciorum</span> <span class='ocrx_word' id='word_1_78' title='bbox 857 704 1016 769; x_wconf 65' lang='lat' dir='ltr'>abysso</span> <span class='ocrx_word' id='word_1_79' title='bbox 1052 706 1270 755; x_wconf 84' lang='lat' dir='ltr'>obstinata</span> <span class='ocrx_word' id='word_1_80' title='bbox 1308 708 1623 756; x_wconf 65' lang='lat' dir='ltr'>haeretieorum</span> <span class='ocrx_word' id='word_1_81' title='bbox 1674 712 1915 773; x_wconf 78' lang='lat' dir='ltr'>pertinacia</span> <span class='ocrx_word' id='word_1_82' title='bbox 1948 716 2068 763; x_wconf 82' lang='lat' dir='ltr'>haud</span> <span class='ocrx_word' id='word_1_83' title='bbox 2101 717 2231 764; x_wconf 86' lang='lat' dir='ltr'>facile</span> <span class='ocrx_word' id='word_1_84' title='bbox 2266 719 2384 764; x_wconf 84' lang='lat' dir='ltr'>vinci</span> 
     </span>
     <span class='ocr_line' id='line_1_10' title="bbox 146 770 2380 838; baseline 0.011 -32"><span class='ocrx_word' id='word_1_85' title='bbox 146 774 288 822; x_wconf 83' lang='lat' dir='ltr'>potest</span> <span class='ocrx_word' id='word_1_86' title='bbox 309 801 320 820; x_wconf 86' lang='lat'>,</span> <span class='ocrx_word' id='word_1_87' title='bbox 355 770 652 815; x_wconf 80' lang='lat' dir='ltr'>necessarium</span> <span class='ocrx_word' id='word_1_88' title='bbox 690 782 841 832; x_wconf 85' lang='lat' dir='ltr'>postea</span> <span class='ocrx_word' id='word_1_89' title='bbox 876 774 983 828; x_wconf 85' lang='lat' dir='ltr'>erit,</span> <span class='ocrx_word' id='word_1_90' title='bbox 1016 775 1214 838; x_wconf 84' lang='lat' dir='ltr'>singulas</span> <span class='ocrx_word' id='word_1_91' title='bbox 1238 775 1344 822; x_wconf 83' lang='lat' dir='ltr'>fidei</span> <span class='ocrx_word' id='word_1_92' title='bbox 1378 778 1578 823; x_wconf 82' lang='lat' dir='ltr'>veritates</span> <span class='ocrx_word' id='word_1_93' title='bbox 1612 794 1636 821; x_wconf 85' lang='lat' dir='ltr'>a</span> <span class='ocrx_word' id='word_1_94' title='bbox 1661 777 1893 827; x_wconf 83' lang='lat' dir='ltr'>Servatore</span> <span class='ocrx_word' id='word_1_95' title='bbox 1929 794 2084 829; x_wconf 88' lang='lat' dir='ltr'>nostro</span> <span class='ocrx_word' id='word_1_96' title='bbox 2106 784 2223 832; x_wconf 80' lang='lat' dir='ltr'>Jesu</span> <span class='ocrx_word' id='word_1_97' title='bbox 2245 784 2380 831; x_wconf 84' lang='lat' dir='ltr'>Chri-</span> 
     </span>
     <span class='ocr_line' id='line_1_11' title="bbox 142 831 2381 907; baseline 0.012 -36"><span class='ocrx_word' id='word_1_98' title='bbox 142 839 211 873; x_wconf 78' lang='lat' dir='ltr'>sto</span> <span class='ocrx_word' id='word_1_99' title='bbox 246 831 456 879; x_wconf 54' lang='lat' dir='ltr'>Ecclesiae</span> <span class='ocrx_word' id='word_1_100' title='bbox 492 851 584 881; x_wconf 79' lang='lat' dir='ltr'>suae</span> <span class='ocrx_word' id='word_1_101' title='bbox 619 853 797 897; x_wconf 74' lang='lat' dir='ltr'>sponsce</span> <span class='ocrx_word' id='word_1_102' title='bbox 832 839 1068 896; x_wconf 87' lang='lat' dir='ltr'>revelatas,</span> <span class='ocrx_word' id='word_1_103' title='bbox 1118 840 1172 889; x_wconf 83' lang='lat' dir='ltr'>ab</span> <span class='ocrx_word' id='word_1_104' title='bbox 1207 856 1357 905; x_wconf 57' lang='lat' dir='ltr'>eaque*</span> <span class='ocrx_word' id='word_1_105' title='bbox 1383 843 1551 907; x_wconf 83' lang='lat' dir='ltr'>Spiritu</span> <span class='ocrx_word' id='word_1_106' title='bbox 1588 842 1633 890; x_wconf 83' lang='lat' dir='ltr'>S.</span> <span class='ocrx_word' id='word_1_107' title='bbox 1671 843 1896 892; x_wconf 78' lang='lat' dir='ltr'>assistente</span> <span class='ocrx_word' id='word_1_108' title='bbox 1932 849 2192 897; x_wconf 87' lang='lat' dir='ltr'>solemniter</span> <span class='ocrx_word' id='word_1_109' title='bbox 2225 851 2381 897; x_wconf 77' lang='lat' dir='ltr'>defini-</span> 
     </span>
     <span class='ocr_line' id='line_1_12' title="bbox 143 897 2377 974; baseline 0.011 -35"><span class='ocrx_word' id='word_1_110' title='bbox 143 905 205 939; x_wconf 76' lang='lat' dir='ltr'>tas</span> <span class='ocrx_word' id='word_1_111' title='bbox 243 897 516 945; x_wconf 78' lang='lat' dir='ltr'>inconcussis</span> <span class='ocrx_word' id='word_1_112' title='bbox 550 901 686 945; x_wconf 75' lang='lat' dir='ltr'>divini</span> <span class='ocrx_word' id='word_1_113' title='bbox 722 901 844 950; x_wconf 86' lang='lat' dir='ltr'>verbi</span> <span class='ocrx_word' id='word_1_114' title='bbox 880 907 1068 954; x_wconf 84' lang='lat' dir='ltr'>oraculis</span> <span class='ocrx_word' id='word_1_115' title='bbox 1103 912 1420 965; x_wconf 82' lang='lat' dir='ltr'>communire,</span> <span class='ocrx_word' id='word_1_116' title='bbox 1452 909 1807 974; x_wconf 88' lang='lat' dir='ltr'>oppositosque,</span> <span class='ocrx_word' id='word_1_117' title='bbox 1853 928 1903 957; x_wconf 88' lang='lat' dir='ltr'>ac</span> <span class='ocrx_word' id='word_1_118' title='bbox 1937 912 2170 961; x_wconf 83' lang='lat' dir='ltr'>damnatos</span> <span class='ocrx_word' id='word_1_119' title='bbox 2204 934 2377 964; x_wconf 85' lang='lat' dir='ltr'>errores</span> 
     </span>
     <span class='ocr_line' id='line_1_13' title="bbox 140 964 2376 1040; baseline 0.013 -36"><span class='ocrx_word' id='word_1_120' title='bbox 140 964 264 1007; x_wconf 86' lang='lat' dir='ltr'>omni</span> <span class='ocrx_word' id='word_1_121' title='bbox 299 977 670 1025; x_wconf 82' lang='lat' dir='ltr'>argumentorum</span> <span class='ocrx_word' id='word_1_122' title='bbox 707 986 874 1031; x_wconf 82' lang='lat' dir='ltr'>genere</span> <span class='ocrx_word' id='word_1_123' title='bbox 910 974 1142 1022; x_wconf 81' lang='lat' dir='ltr'>confutare</span> <span class='ocrx_word' id='word_1_124' title='bbox 1164 1012 1174 1022; x_wconf 90' lang='lat'>.</span> <span class='ocrx_word' id='word_1_125' title='bbox 1210 975 1313 1038; x_wconf 80' lang='lat' dir='ltr'>Qua</span> <span class='ocrx_word' id='word_1_126' title='bbox 1346 977 1529 1040; x_wconf 87' lang='lat' dir='ltr'>quidem</span> <span class='ocrx_word' id='word_1_127' title='bbox 1566 977 1609 1021; x_wconf 90' lang='lat' dir='ltr'>in</span> <span class='ocrx_word' id='word_1_128' title='bbox 1646 994 1725 1032; x_wconf 88' lang='lat' dir='ltr'>re,</span> <span class='ocrx_word' id='word_1_129' title='bbox 1759 990 2021 1025; x_wconf 88' lang='lat' dir='ltr'>consuetam</span> <span class='ocrx_word' id='word_1_130' title='bbox 2057 979 2150 1026; x_wconf 78' lang='lat' dir='ltr'>fere</span> <span class='ocrx_word' id='word_1_131' title='bbox 2185 982 2376 1033; x_wconf 76' lang='lat' dir='ltr'>aliorum</span> 
     </span>
     <span class='ocr_line' id='line_1_14' title="bbox 134 1025 2046 1107; baseline 0.011 -36"><span class='ocrx_word' id='word_1_132' title='bbox 134 1025 515 1076; x_wconf 62' lang='lat' dir='ltr'>scholasticorum</span> <span class='ocrx_word' id='word_1_133' title='bbox 553 1033 821 1083; x_wconf 81' lang='lat' dir='ltr'>methodum</span> <span class='ocrx_word' id='word_1_134' title='bbox 856 1053 1119 1102; x_wconf 87' lang='lat' dir='ltr'>sequentes,</span> <span class='ocrx_word' id='word_1_135' title='bbox 1157 1043 1212 1087; x_wconf 86' lang='lat' dir='ltr'>ita</span> <span class='ocrx_word' id='word_1_136' title='bbox 1247 1052 1389 1088; x_wconf 86' lang='lat' dir='ltr'>totam</span> <span class='ocrx_word' id='word_1_137' title='bbox 1426 1041 1736 1105; x_wconf 85' lang='lat' dir='ltr'>Theologiam</span> <span class='ocrx_word' id='word_1_138' title='bbox 1772 1045 2046 1107; x_wconf 80' lang='lat' dir='ltr'>partiemur.</span> 
     </span>
    </p>

    <p class='ocr_par' dir='ltr' id='par_1_3' title="bbox 117 1092 2378 1825">
     <span class='ocr_line' id='line_1_15' title="bbox 205 1092 2378 1175; baseline 0.011 -38"><span class='ocrx_word' id='word_1_139' title='bbox 205 1092 362 1139; x_wconf 75' lang='lat' dir='ltr'>Primo</span> <span class='ocrx_word' id='word_1_140' title='bbox 399 1097 452 1141; x_wconf 84' lang='lat' dir='ltr'>de</span> <span class='ocrx_word' id='word_1_141' title='bbox 493 1098 581 1144; x_wconf 82' lang='lat' dir='ltr'>Dei</span> <span class='ocrx_word' id='word_1_142' title='bbox 616 1105 831 1159; x_wconf 83' lang='lat' dir='ltr'>essentia,</span> <span class='ocrx_word' id='word_1_143' title='bbox 868 1105 1013 1169; x_wconf 87' lang='lat' dir='ltr'>deque</span> <span class='ocrx_word' id='word_1_144' title='bbox 1049 1109 1101 1153; x_wconf 76' lang='lat' dir='ltr'>iis.</span> <span class='ocrx_word' id='word_1_145' title='bbox 1135 1107 1292 1153; x_wconf 91' lang='lat' dir='ltr'>divinis</span> <span class='ocrx_word' id='word_1_146' title='bbox 1327 1106 1548 1154; x_wconf 85' lang='lat' dir='ltr'>attributis</span> <span class='ocrx_word' id='word_1_147' title='bbox 1582 1126 1796 1171; x_wconf 78' lang='lat' dir='ltr'>agemUS,</span> <span class='ocrx_word' id='word_1_148' title='bbox 1833 1128 1933 1175; x_wconf 85' lang='lat' dir='ltr'>quae</span> <span class='ocrx_word' id='word_1_149' title='bbox 1969 1111 2183 1158; x_wconf 79' lang='lat' dir='ltr'>absoluta</span> <span class='ocrx_word' id='word_1_150' title='bbox 2219 1113 2378 1162; x_wconf 86' lang='lat' dir='ltr'>dicun-</span> 
     </span>
     <span class='ocr_line' id='line_1_16' title="bbox 139 1159 2374 1238; baseline 0.012 -37"><span class='ocrx_word' id='word_1_151' title='bbox 139 1168 231 1212; x_wconf 72' lang='lat' dir='ltr'>tur,</span> <span class='ocrx_word' id='word_1_152' title='bbox 268 1159 345 1205; x_wconf 80' lang='lat' dir='ltr'>ubi</span> <span class='ocrx_word' id='word_1_153' title='bbox 379 1163 573 1226; x_wconf 65' lang='lat' dir='ltr'>amplam</span> <span class='ocrx_word' id='word_1_154' title='bbox 608 1167 827 1215; x_wconf 83' lang='lat' dir='ltr'>subtiliter</span> <span class='ocrx_word' id='word_1_155' title='bbox 860 1171 1115 1233; x_wconf 82' lang='lat' dir='ltr'>disputandi</span> <span class='ocrx_word' id='word_1_156' title='bbox 1150 1175 1380 1220; x_wconf 81' lang='lat' dir='ltr'>materiam</span> <span class='ocrx_word' id='word_1_157' title='bbox 1418 1173 1550 1220; x_wconf 88' lang='lat' dir='ltr'>nobis</span> <span class='ocrx_word' id='word_1_158' title='bbox 1583 1175 1931 1238; x_wconf 86' lang='lat' dir='ltr'>suppeditabunt</span> <span class='ocrx_word' id='word_1_159' title='bbox 1967 1176 2259 1235; x_wconf 82' lang='lat' dir='ltr'>Pantheistae‚</span> <span class='ocrx_word' id='word_1_160' title='bbox 2297 1199 2374 1227; x_wconf 60' lang='lat' dir='ltr'>eom</span> 
     </span>
     <span class='ocr_line' id='line_1_17' title="bbox 135 1231 2377 1305; baseline 0.012 -38"><span class='ocrx_word' id='word_1_161' title='bbox 135 1239 327 1288; x_wconf 75' lang='lat' dir='ltr'>rumque</span> <span class='ocrx_word' id='word_1_162' title='bbox 363 1231 526 1275; x_wconf 76' lang='lat' dir='ltr'>surculi</span> <span class='ocrx_word' id='word_1_163' title='bbox 553 1232 853 1294; x_wconf 83' lang='lat' dir='ltr'>Spinozistae‚</span> <span class='ocrx_word' id='word_1_164' title='bbox 891 1237 1209 1302; x_wconf 73' lang='lat' dir='ltr'>Polytheistae,</span> <span class='ocrx_word' id='word_1_165' title='bbox 1245 1240 1767 1305; x_wconf 82' lang='lat' dir='ltr'>Anthropomorphitae,</span> <span class='ocrx_word' id='word_1_166' title='bbox 1803 1241 2083 1290; x_wconf 86' lang='lat' dir='ltr'>Hobbesiani</span> <span class='ocrx_word' id='word_1_167' title='bbox 2105 1279 2114 1290; x_wconf 82' lang='lat'><em>.</em></span> <span class='ocrx_word' id='word_1_168' title='bbox 2152 1244 2260 1291; x_wconf 83' lang='lat' dir='ltr'>Post</span> <span class='ocrx_word' id='word_1_169' title='bbox 2297 1265 2377 1293; x_wconf 86' lang='lat' dir='ltr'>au·</span> 
     </span>
     <span class='ocr_line' id='line_1_18' title="bbox 134 1295 2371 1367; baseline 0.011 -33"><span class='ocrx_word' id='word_1_170' title='bbox 134 1300 225 1336; x_wconf 77' lang='lat' dir='ltr'>tem</span> <span class='ocrx_word' id='word_1_171' title='bbox 261 1310 306 1338; x_wconf 92' lang='lat' dir='ltr'>se</span> <span class='ocrx_word' id='word_1_172' title='bbox 342 1311 388 1339; x_wconf 90' lang='lat' dir='ltr'>se</span> <span class='ocrx_word' id='word_1_173' title='bbox 423 1295 554 1341; x_wconf 90' lang='lat' dir='ltr'>nobis</span> <span class='ocrx_word' id='word_1_174' title='bbox 580 1299 743 1346; x_wconf 80' lang='lat' dir='ltr'>offeret</span> <span class='ocrx_word' id='word_1_175' title='bbox 778 1303 1042 1352; x_wconf 85' lang='lat' dir='ltr'>faustissima</span> <span class='ocrx_word' id='word_1_176' title='bbox 1079 1319 1259 1354; x_wconf 77' lang='lat' dir='ltr'>aeternae</span> <span class='ocrx_word' id='word_1_177' title='bbox 1283 1319 1449 1356; x_wconf 80' lang='lat' dir='ltr'>nostrae</span> <span class='ocrx_word' id='word_1_178' title='bbox 1486 1307 1703 1355; x_wconf 83' lang='lat' dir='ltr'>felicitatis</span> <span class='ocrx_word' id='word_1_179' title='bbox 1737 1325 1896 1363; x_wconf 88' lang='lat' dir='ltr'>causa,</span> <span class='ocrx_word' id='word_1_180' title='bbox 1933 1310 2095 1355; x_wconf 86' lang='lat' dir='ltr'>scilicet</span> <span class='ocrx_word' id='word_1_181' title='bbox 2127 1310 2240 1356; x_wconf 86' lang='lat' dir='ltr'>visio</span> <span class='ocrx_word' id='word_1_182' title='bbox 2259 1311 2371 1367; x_wconf 89' lang='lat' dir='ltr'>Dei,</span> 
     </span>
     <span class='ocr_line' id='line_1_19' title="bbox 130 1360 2369 1441; baseline 0.013 -44"><span class='ocrx_word' id='word_1_183' title='bbox 130 1371 264 1418; x_wconf 79' lang='lat' dir='ltr'>quam</span> <span class='ocrx_word' id='word_1_184' title='bbox 298 1360 606 1420; x_wconf 78' lang='lat' dir='ltr'>Eunoiniani,</span> <span class='ocrx_word' id='word_1_185' title='bbox 642 1366 871 1417; x_wconf 84' lang='lat' dir='ltr'>Palamitae</span> <span class='ocrx_word' id='word_1_186' title='bbox 907 1384 1100 1428; x_wconf 84' lang='lat' dir='ltr'>veteres,</span> <span class='ocrx_word' id='word_1_187' title='bbox 1135 1375 1330 1438; x_wconf 89' lang='lat' dir='ltr'>novique</span> <span class='ocrx_word' id='word_1_188' title='bbox 1351 1373 1576 1421; x_wconf 81' lang='lat' dir='ltr'>Chiliastae</span> <span class='ocrx_word' id='word_1_189' title='bbox 1609 1375 1699 1420; x_wconf 86' lang='lat' dir='ltr'>suis</span> <span class='ocrx_word' id='word_1_190' title='bbox 1733 1372 1958 1422; x_wconf 81' lang='lat' dir='ltr'>erroribus</span> <span class='ocrx_word' id='word_1_191' title='bbox 1995 1373 2232 1422; x_wconf 80' lang='lat' dir='ltr'>obscurare</span> <span class='ocrx_word' id='word_1_192' title='bbox 2268 1396 2369 1441; x_wconf 80' lang='lat' dir='ltr'>per-</span> 
     </span>
     <span class='ocr_line' id='line_1_20' title="bbox 131 1429 2371 1504; baseline 0.011 -37"><span class='ocrx_word' id='word_1_193' title='bbox 131 1439 285 1483; x_wconf 70' lang='lat' dir='ltr'>peram</span> <span class='ocrx_word' id='word_1_194' title='bbox 322 1429 468 1473; x_wconf 77' lang='lat' dir='ltr'>conati</span> <span class='ocrx_word' id='word_1_195' title='bbox 503 1442 637 1477; x_wconf 87' lang='lat' dir='ltr'>sunt.</span> <span class='ocrx_word' id='word_1_196' title='bbox 675 1434 933 1498; x_wconf 83' lang='lat' dir='ltr'>Sequemur</span> <span class='ocrx_word' id='word_1_197' title='bbox 966 1439 1130 1485; x_wconf 87' lang='lat' dir='ltr'>deinde</span> <span class='ocrx_word' id='word_1_198' title='bbox 1163 1441 1400 1489; x_wconf 68' lang='lat' dir='ltr'>salebrosa»,</span> <span class='ocrx_word' id='word_1_199' title='bbox 1427 1441 1509 1487; x_wconf 75' lang='lat' dir='ltr'>illae</span> <span class='ocrx_word' id='word_1_200' title='bbox 1530 1477 1543 1497; x_wconf 92' lang='lat'>,</span> <span class='ocrx_word' id='word_1_201' title='bbox 1578 1458 1626 1486; x_wconf 82' lang='lat' dir='ltr'>ac</span> <span class='ocrx_word' id='word_1_202' title='bbox 1662 1441 1948 1504; x_wconf 85' lang='lat' dir='ltr'>perdifficiles</span> <span class='ocrx_word' id='word_1_203' title='bbox 1972 1443 2288 1489; x_wconf 71' lang='lat' dir='ltr'>controversiae</span> <span class='ocrx_word' id='word_1_204' title='bbox 2314 1445 2371 1492; x_wconf 83' lang='lat' dir='ltr'>de</span> 
     </span>
     <span class='ocr_line' id='line_1_21' title="bbox 129 1490 2370 1570; baseline 0.011 -39"><span class='ocrx_word' id='word_1_205' title='bbox 129 1490 218 1533; x_wconf 71' lang='lat' dir='ltr'>Dei</span> <span class='ocrx_word' id='word_1_206' title='bbox 254 1492 464 1548; x_wconf 77' lang='lat' dir='ltr'>scientia,</span> <span class='ocrx_word' id='word_1_207' title='bbox 503 1497 759 1556; x_wconf 80' lang='lat' dir='ltr'>voluntate,</span> <span class='ocrx_word' id='word_1_208' title='bbox 795 1504 1219 1563; x_wconf 72' lang='lat' dir='ltr'>praedestinatione,</span> <span class='ocrx_word' id='word_1_209' title='bbox 1253 1524 1302 1552; x_wconf 85' lang='lat' dir='ltr'>ac</span> <span class='ocrx_word' id='word_1_210' title='bbox 1321 1505 1672 1570; x_wconf 83' lang='lat' dir='ltr'>reprobatione,</span> <span class='ocrx_word' id='word_1_211' title='bbox 1707 1524 1808 1570; x_wconf 82' lang='lat' dir='ltr'>quae</span> <span class='ocrx_word' id='word_1_212' title='bbox 1843 1507 2029 1554; x_wconf 77' lang='lat' dir='ltr'>Scholas</span> <span class='ocrx_word' id='word_1_213' title='bbox 2052 1508 2183 1554; x_wconf 81' lang='lat' dir='ltr'>etiam</span> <span class='ocrx_word' id='word_1_214' title='bbox 2220 1509 2370 1556; x_wconf 83' lang='lat' dir='ltr'>catho-</span> 
     </span>
     <span class='ocr_line' id='line_1_22' title="bbox 127 1552 2367 1635; baseline 0.012 -39"><span class='ocrx_word' id='word_1_215' title='bbox 127 1552 226 1598; x_wconf 67' lang='lat' dir='ltr'>licas</span> <span class='ocrx_word' id='word_1_216' title='bbox 263 1556 378 1601; x_wconf 83' lang='lat' dir='ltr'>inter</span> <span class='ocrx_word' id='word_1_217' title='bbox 414 1576 459 1602; x_wconf 88' lang='lat' dir='ltr'>se</span> <span class='ocrx_word' id='word_1_218' title='bbox 496 1561 776 1609; x_wconf 83' lang='lat' dir='ltr'>diviserunt.</span> <span class='ocrx_word' id='word_1_219' title='bbox 831 1568 927 1610; x_wconf 83' lang='lat' dir='ltr'>Has</span> <span class='ocrx_word' id='word_1_220' title='bbox 963 1573 1139 1628; x_wconf 89' lang='lat' dir='ltr'>penitus</span> <span class='ocrx_word' id='word_1_221' title='bbox 1193 1573 1398 1620; x_wconf 90' lang='lat' dir='ltr'>omittere</span> <span class='ocrx_word' id='word_1_222' title='bbox 1435 1574 1659 1635; x_wconf 83' lang='lat' dir='ltr'>piaculum</span> <span class='ocrx_word' id='word_1_223' title='bbox 1696 1574 1945 1630; x_wconf 83' lang='lat' dir='ltr'>videretur3</span> <span class='ocrx_word' id='word_1_224' title='bbox 2004 1574 2180 1620; x_wconf 82' lang='lat' dir='ltr'>easdem</span> <span class='ocrx_word' id='word_1_225' title='bbox 2215 1584 2367 1622; x_wconf 86' lang='lat' dir='ltr'>tamen</span> 
     </span>
     <span class='ocr_line' id='line_1_23' title="bbox 123 1622 2365 1699; baseline 0.011 -38"><span class='ocrx_word' id='word_1_226' title='bbox 123 1635 207 1680; x_wconf 80' lang='lat' dir='ltr'>qua</span> <span class='ocrx_word' id='word_1_227' title='bbox 245 1622 407 1680; x_wconf 85' lang='lat' dir='ltr'>majori</span> <span class='ocrx_word' id='word_1_228' title='bbox 444 1624 542 1668; x_wconf 80' lang='lat' dir='ltr'>fieri</span> <span class='ocrx_word' id='word_1_229' title='bbox 580 1628 744 1686; x_wconf 87' lang='lat' dir='ltr'>poterit</span> <span class='ocrx_word' id='word_1_230' title='bbox 780 1626 1024 1689; x_wconf 82' lang='lat' dir='ltr'>brevitate,</span> <span class='ocrx_word' id='word_1_231' title='bbox 1062 1650 1111 1678; x_wconf 86' lang='lat' dir='ltr'>ac</span> <span class='ocrx_word' id='word_1_232' title='bbox 1145 1633 1382 1680; x_wconf 79' lang='lat' dir='ltr'>sobrietate</span> <span class='ocrx_word' id='word_1_233' title='bbox 1421 1639 1731 1688; x_wconf 74' lang='lat' dir='ltr'>tractabimus,</span> <span class='ocrx_word' id='word_1_234' title='bbox 1773 1647 1820 1679; x_wconf 90' lang='lat' dir='ltr'>ut</span> <span class='ocrx_word' id='word_1_235' title='bbox 1857 1638 1901 1680; x_wconf 84' lang='lat' dir='ltr'>in</span> <span class='ocrx_word' id='word_1_236' title='bbox 1937 1637 2041 1689; x_wconf 52' lang='grc' dir='ltr'>Ἀεὶ</span> <span class='ocrx_word' id='word_1_237' title='bbox 2077 1640 2365 1699; x_wconf 81' lang='lat' dir='ltr'>dogmatibus</span> 
     </span>
     <span class='ocr_line' id='line_1_24' title="bbox 121 1685 2365 1766; baseline 0.012 -40"><span class='ocrx_word' id='word_1_238' title='bbox 121 1694 275 1730; x_wconf 77' lang='lat' dir='ltr'>contra</span> <span class='ocrx_word' id='word_1_239' title='bbox 312 1685 549 1735; x_wconf 64' lang='lat' dir='ltr'>haereticos</span> <span class='ocrx_word' id='word_1_240' title='bbox 585 1693 760 1739; x_wconf 89' lang='lat' dir='ltr'>tuendis</span> <span class='ocrx_word' id='word_1_241' title='bbox 795 1705 971 1759; x_wconf 84' lang='lat' dir='ltr'>tempus</span> <span class='ocrx_word' id='word_1_242' title='bbox 1024 1699 1174 1745; x_wconf 91' lang='lat' dir='ltr'>utilius</span> <span class='ocrx_word' id='word_1_243' title='bbox 1209 1700 1553 1766; x_wconf 82' lang='lat' dir='ltr'>impendamus.</span> <span class='ocrx_word' id='word_1_244' title='bbox 1601 1701 1757 1763; x_wconf 85' lang='lat' dir='ltr'>Atque</span> <span class='ocrx_word' id='word_1_245' title='bbox 1794 1699 1891 1747; x_wconf 82' lang='lat' dir='ltr'>haec</span> <span class='ocrx_word' id='word_1_246' title='bbox 1926 1703 2080 1749; x_wconf 83' lang='lat' dir='ltr'>omnia</span> <span class='ocrx_word' id='word_1_247' title='bbox 2112 1706 2365 1755; x_wconf 85' lang='lat' dir='ltr'>secundum</span> 
     </span>
     <span class='ocr_line' id='line_1_25' title="bbox 117 1748 1102 1825; baseline 0.019 -32"><span class='ocrx_word' id='word_1_248' title='bbox 117 1748 465 1801; x_wconf 76' lang='lat' dir='ltr'>Praeteettonum</span> <span class='ocrx_word' id='word_1_249' title='bbox 499 1757 711 1806; x_wconf 82' lang='lat' dir='ltr'>volumen</span> <span class='ocrx_word' id='word_1_250' title='bbox 747 1762 1102 1825; x_wconf 60' lang='lat' dir='ltr'>complectetur,</span> 
     </span>
    </p>

    <p class='ocr_par' dir='ltr' id='par_1_4' title="bbox 107 1817 2361 2824">
     <span class='ocr_line' id='line_1_26' title="bbox 186 1817 2361 1898; baseline 0.012 -38"><span class='ocrx_word' id='word_1_251' title='bbox 186 1817 345 1863; x_wconf 79' lang='lat' dir='ltr'>Tertio</span> <span class='ocrx_word' id='word_1_252' title='bbox 383 1837 487 1866; x_wconf 85' lang='lat' dir='ltr'>vero</span> <span class='ocrx_word' id='word_1_253' title='bbox 526 1841 575 1870; x_wconf 83' lang='lat' dir='ltr'>ea</span> <span class='ocrx_word' id='word_1_254' title='bbox 611 1825 965 1877; x_wconf 88' lang='lat' dir='ltr'>continebuntur</span> <span class='ocrx_word' id='word_1_255' title='bbox 988 1866 999 1886; x_wconf 95' lang='lat'>,</span> <span class='ocrx_word' id='word_1_256' title='bbox 1037 1851 1137 1897; x_wconf 66' lang='lat' dir='ltr'>quae</span> <span class='ocrx_word' id='word_1_257' title='bbox 1167 1834 1222 1879; x_wconf 89' lang='lat' dir='ltr'>ad</span> <span class='ocrx_word' id='word_1_258' title='bbox 1257 1836 1615 1898; x_wconf 78' lang='lat' dir='ltr'>augustissimam</span> <span class='ocrx_word' id='word_1_259' title='bbox 1649 1836 1900 1881; x_wconf 85' lang='lat' dir='ltr'>divinarum</span> <span class='ocrx_word' id='word_1_260' title='bbox 1924 1836 2225 1883; x_wconf 80' lang='lat' dir='ltr'>Personarum</span> <span class='ocrx_word' id='word_1_261' title='bbox 2254 1839 2361 1886; x_wconf 67' lang='lat' dir='ltr'>Tri-2-</span> 
     </span>
     <span class='ocr_line' id='line_1_27' title="bbox 116 1881 2360 1964; baseline 0.012 -39"><span class='ocrx_word' id='word_1_262' title='bbox 116 1881 301 1931; x_wconf 82' lang='lat' dir='ltr'>nitatem</span> <span class='ocrx_word' id='word_1_263' title='bbox 335 1887 586 1948; x_wconf 80' lang='lat' dir='ltr'>pertinent;</span> <span class='ocrx_word' id='word_1_264' title='bbox 631 1904 786 1939; x_wconf 84' lang='lat' dir='ltr'>contra</span> <span class='ocrx_word' id='word_1_265' title='bbox 824 1914 960 1960; x_wconf 85' lang='lat' dir='ltr'>quam</span> <span class='ocrx_word' id='word_1_266' title='bbox 999 1901 1122 1945; x_wconf 87' lang='lat' dir='ltr'>omni</span> <span class='ocrx_word' id='word_1_267' title='bbox 1160 1912 1364 1964; x_wconf 86' lang='lat' dir='ltr'>tempore</span> <span class='ocrx_word' id='word_1_268' title='bbox 1400 1901 1700 1947; x_wconf 79' lang='lat' dir='ltr'>ferocissimos</span> <span class='ocrx_word' id='word_1_269' title='bbox 1735 1902 2005 1948; x_wconf 81' lang='lat' dir='ltr'>adversarios</span> <span class='ocrx_word' id='word_1_270' title='bbox 2042 1904 2244 1950; x_wconf 77' lang='lat' dir='ltr'>infernus</span> <span class='ocrx_word' id='word_1_271' title='bbox 2278 1924 2360 1952; x_wconf 91' lang='lat' dir='ltr'>su-</span> 
     </span>
     <span class='ocr_line' id='line_1_28' title="bbox 117 1949 2360 2023; baseline 0.012 -32"><span class='ocrx_word' id='word_1_272' title='bbox 117 1949 303 1995; x_wconf 84' lang='lat' dir='ltr'>scitavit.</span> <span class='ocrx_word' id='word_1_273' title='bbox 346 1953 462 1998; x_wconf 75' lang='lat' dir='ltr'>Nam</span> <span class='ocrx_word' id='word_1_274' title='bbox 500 1968 662 2018; x_wconf 65' lang='lat' dir='ltr'>praeter</span> <span class='ocrx_word' id='word_1_275' title='bbox 686 1959 879 2008; x_wconf 80' lang='lat' dir='ltr'>Judaeos</span> <span class='ocrx_word' id='word_1_276' title='bbox 899 1999 910 2018; x_wconf 90' lang='lat'>,</span> <span class='ocrx_word' id='word_1_277' title='bbox 947 1965 1080 2012; x_wconf 84' lang='lat' dir='ltr'>etiam</span> <span class='ocrx_word' id='word_1_278' title='bbox 1102 1967 1218 2012; x_wconf 85' lang='lat' dir='ltr'>inter</span> <span class='ocrx_word' id='word_1_279' title='bbox 1241 1967 1519 2013; x_wconf 84' lang='lat' dir='ltr'>Christianos</span> <span class='ocrx_word' id='word_1_280' title='bbox 1545 1966 1813 2022; x_wconf 81' lang='lat' dir='ltr'>Sabelliani,</span> <span class='ocrx_word' id='word_1_281' title='bbox 1851 1969 2043 2023; x_wconf 86' lang='lat' dir='ltr'>Ariani,</span> <span class='ocrx_word' id='word_1_282' title='bbox 2081 1970 2360 2018; x_wconf 76' lang='lat' dir='ltr'>Semi-Aria-</span> 
     </span>
     <span class='ocr_line' id='line_1_29' title="bbox 117 2014 2358 2097; baseline 0.012 -41"><span class='ocrx_word' id='word_1_283' title='bbox 117 2014 160 2057; x_wconf 82' lang='lat' dir='ltr'>ni</span> <span class='ocrx_word' id='word_1_284' title='bbox 183 2051 192 2069; x_wconf 83' lang='lat'>,</span> <span class='ocrx_word' id='word_1_285' title='bbox 231 2026 271 2060; x_wconf 86' lang='lat' dir='ltr'>ct</span> <span class='ocrx_word' id='word_1_286' title='bbox 294 2017 644 2078; x_wconf 50' lang='lat' dir='ltr'>Nlacedonianh</span> <span class='ocrx_word' id='word_1_287' title='bbox 683 2037 781 2090; x_wconf 88' lang='lat' dir='ltr'>post</span> <span class='ocrx_word' id='word_1_288' title='bbox 807 2040 957 2074; x_wconf 87' lang='lat' dir='ltr'>autem</span> <span class='ocrx_word' id='word_1_289' title='bbox 972 2031 1123 2078; x_wconf 82' lang='lat' dir='ltr'>Graeci</span> <span class='ocrx_word' id='word_1_290' title='bbox 1147 2032 1358 2079; x_wconf 85' lang='lat' dir='ltr'>Photiani</span> <span class='ocrx_word' id='word_1_291' title='bbox 1378 2070 1387 2088; x_wconf 93' lang='lat'>,</span> <span class='ocrx_word' id='word_1_292' title='bbox 1426 2035 1722 2097; x_wconf 86' lang='lat' dir='ltr'>omniumque</span> <span class='ocrx_word' id='word_1_293' title='bbox 1758 2033 2099 2097; x_wconf 82' lang='lat' dir='ltr'>pestilentissimi</span> <span class='ocrx_word' id='word_1_294' title='bbox 2125 2035 2358 2083; x_wconf 83' lang='lat' dir='ltr'>Sociniani</span> 
     </span>
     <span class='ocr_line' id='line_1_30' title="bbox 114 2079 2355 2158; baseline 0.011 -35"><span class='ocrx_word' id='word_1_295' title='bbox 114 2079 228 2124; x_wconf 81' lang='lat' dir='ltr'>illam</span> <span class='ocrx_word' id='word_1_296' title='bbox 267 2096 418 2144; x_wconf 84' lang='lat' dir='ltr'>aperto</span> <span class='ocrx_word' id='word_1_297' title='bbox 457 2100 596 2134; x_wconf 89' lang='lat' dir='ltr'>marte</span> <span class='ocrx_word' id='word_1_298' title='bbox 632 2108 897 2156; x_wconf 77' lang='lat' dir='ltr'>oppugnare</span> <span class='ocrx_word' id='word_1_299' title='bbox 932 2100 1126 2158; x_wconf 78' lang='lat' dir='ltr'>aggressi</span> <span class='ocrx_word' id='word_1_300' title='bbox 1163 2110 1294 2146; x_wconf 85' lang='lat' dir='ltr'>sunt.</span> <span class='ocrx_word' id='word_1_301' title='bbox 1345 2100 1567 2146; x_wconf 83' lang='lat' dir='ltr'>Postremi</span> <span class='ocrx_word' id='word_1_302' title='bbox 1604 2112 1751 2146; x_wconf 88' lang='lat' dir='ltr'>autem</span> <span class='ocrx_word' id='word_1_303' title='bbox 1787 2112 2087 2146; x_wconf 77' lang='lat' dir='ltr'>successerunt</span> <span class='ocrx_word' id='word_1_304' title='bbox 2122 2099 2355 2149; x_wconf 85' lang='lat' dir='ltr'>Arminia-</span> 
     </span>
     <span class='ocr_line' id='line_1_31' title="bbox 120 2147 2349 2232; baseline 0.012 -43"><span class='ocrx_word' id='word_1_305' title='bbox 120 2147 181 2200; x_wconf 81' lang='lat' dir='ltr'>ni,</span> <span class='ocrx_word' id='word_1_306' title='bbox 219 2159 258 2192; x_wconf 88' lang='lat' dir='ltr'>et</span> <span class='ocrx_word' id='word_1_307' title='bbox 281 2149 557 2210; x_wconf 77' lang='lat' dir='ltr'>Tolerantcs,</span> <span class='ocrx_word' id='word_1_308' title='bbox 594 2159 668 2220; x_wconf 87' lang='lat' dir='ltr'>qui</span> <span class='ocrx_word' id='word_1_309' title='bbox 703 2161 1016 2220; x_wconf 57' lang='lat' dir='ltr'>grauissimum</span> <span class='ocrx_word' id='word_1_310' title='bbox 1052 2163 1153 2221; x_wconf 89' lang='lat' dir='ltr'>hoc,</span> <span class='ocrx_word' id='word_1_311' title='bbox 1191 2177 1344 2212; x_wconf 87' lang='lat' dir='ltr'>ettam</span> <span class='ocrx_word' id='word_1_312' title='bbox 1382 2167 1677 2213; x_wconf 74' lang='lat' dir='ltr'>necessarium</span> <span class='ocrx_word' id='word_1_313' title='bbox 1697 2165 1948 2227; x_wconf 82' lang='lat' dir='ltr'>Religionis</span> <span class='ocrx_word' id='word_1_314' title='bbox 1983 2177 2148 2213; x_wconf 79' lang='lat' dir='ltr'>nostrae</span> <span class='ocrx_word' id='word_1_315' title='bbox 2185 2181 2349 2232; x_wconf 81' lang='lat' dir='ltr'>myste-</span> 
     </span>
     <span class='ocr_line' id='line_1_32' title="bbox 114 2213 2354 2296; baseline 0.012 -42"><span class='ocrx_word' id='word_1_316' title='bbox 114 2213 229 2257; x_wconf 72' lang='lat' dir='ltr'>rium</span> <span class='ocrx_word' id='word_1_317' title='bbox 269 2214 311 2259; x_wconf 87' lang='lat' dir='ltr'>in</span> <span class='ocrx_word' id='word_1_318' title='bbox 371 2220 712 2284; x_wconf 83' lang='lat' dir='ltr'>ervadiaphoras</span> <span class='ocrx_word' id='word_1_319' title='bbox 748 2225 926 2274; x_wconf 80' lang='lat' dir='ltr'>Schotae</span> <span class='ocrx_word' id='word_1_320' title='bbox 985 2230 1223 2293; x_wconf 87' lang='lat' dir='ltr'>opiniones</span> <span class='ocrx_word' id='word_1_321' title='bbox 1258 2233 1280 2295; x_wconf 80' lang='lat'>(</span> <span class='ocrx_word' id='word_1_322' title='bbox 1315 2234 1412 2296; x_wconf 87' lang='lat' dir='ltr'>quis</span> <span class='ocrx_word' id='word_1_323' title='bbox 1447 2233 1677 2278; x_wconf 83' lang='lat' dir='ltr'>crederet?</span> <span class='ocrx_word' id='word_1_324' title='bbox 1710 2231 1730 2292; x_wconf 82' lang='lat'><em>)</em></span> <span class='ocrx_word' id='word_1_325' title='bbox 1770 2231 1954 2293; x_wconf 81' lang='lat' dir='ltr'>relegari</span> <span class='ocrx_word' id='word_1_326' title='bbox 1993 2249 2123 2295; x_wconf 87' lang='lat' dir='ltr'>posse</span> <span class='ocrx_word' id='word_1_327' title='bbox 2181 2234 2354 2281; x_wconf 83' lang='lat' dir='ltr'>docue-</span> 
     </span>
     <span class='ocr_line' id='line_1_33' title="bbox 112 2286 2351 2361; baseline 0.007 -31"><span class='ocrx_word' id='word_1_328' title='bbox 112 2290 243 2331; x_wconf 63' lang='grc' dir='ltr'><strong>ΞἭΗῘΞ</strong></span> <span class='ocrx_word' id='word_1_329' title='bbox 281 2292 329 2326; x_wconf 81' lang='lat' dir='ltr'>ut</span> <span class='ocrx_word' id='word_1_330' title='bbox 365 2286 555 2344; x_wconf 84' lang='lat' dir='ltr'>proinde</span> <span class='ocrx_word' id='word_1_331' title='bbox 593 2291 670 2352; x_wconf 87' lang='lat' dir='ltr'>qui</span> <span class='ocrx_word' id='word_1_332' title='bbox 706 2291 811 2337; x_wconf 83' lang='lat' dir='ltr'>illud</span> <span class='ocrx_word' id='word_1_333' title='bbox 848 2293 1112 2357; x_wconf 82' lang='lat' dir='ltr'>blasphemo</span> <span class='ocrx_word' id='word_1_334' title='bbox 1151 2316 1226 2343; x_wconf 84' lang='lat' dir='ltr'>ore</span> <span class='ocrx_word' id='word_1_335' title='bbox 1263 2299 1549 2355; x_wconf 84' lang='lat' dir='ltr'>inficiantur,</span> <span class='ocrx_word' id='word_1_336' title='bbox 1603 2310 1676 2344; x_wconf 80' lang='lat' dir='ltr'>aut</span> <span class='ocrx_word' id='word_1_337' title='bbox 1713 2298 1830 2344; x_wconf 79' lang='lat' dir='ltr'>foede</span> <span class='ocrx_word' id='word_1_338' title='bbox 1866 2310 2190 2361; x_wconf 87' lang='lat' dir='ltr'>corrumpunt,</span> <span class='ocrx_word' id='word_1_339' title='bbox 2235 2300 2351 2346; x_wconf 90' lang='lat' dir='ltr'>inter</span> 
     </span>
     <span class='ocr_line' id='line_1_34' title="bbox 112 2343 2349 2430; baseline 0.016 -45"><span class='ocrx_word' id='word_1_340' title='bbox 112 2343 387 2392; x_wconf 67' lang='lat' dir='ltr'>Christianos</span> <span class='ocrx_word' id='word_1_341' title='bbox 425 2353 600 2399; x_wconf 81' lang='lat' dir='ltr'>tolerari</span> <span class='ocrx_word' id='word_1_342' title='bbox 640 2373 767 2417; x_wconf 78' lang='lat' dir='ltr'>posse</span> <span class='ocrx_word' id='word_1_343' title='bbox 803 2358 1101 2409; x_wconf 82' lang='lat' dir='ltr'>arbitrentur.</span> <span class='ocrx_word' id='word_1_344' title='bbox 1139 2365 1208 2410; x_wconf 84' lang='lat' dir='ltr'>Ita</span> <span class='ocrx_word' id='word_1_345' title='bbox 1243 2383 1407 2428; x_wconf 82' lang='lat' dir='ltr'>purum</span> <span class='ocrx_word' id='word_1_346' title='bbox 1445 2378 1694 2430; x_wconf 79' lang='lat' dir='ltr'>putumque</span> <span class='ocrx_word' id='word_1_347' title='bbox 1732 2364 2101 2428; x_wconf 66' lang='lat' dir='ltr'>pyrrhonismfflss</span> <span class='ocrx_word' id='word_1_348' title='bbox 2139 2365 2349 2413; x_wconf 66' lang='lat' dir='ltr'>invehere</span> 
     </span>
     <span class='ocr_line' id='line_1_35' title="bbox 110 2416 2348 2494; baseline 0.012 -43"><span class='ocrx_word' id='word_1_349' title='bbox 110 2425 356 2458; x_wconf 78' lang='lat' dir='ltr'>conantur.</span> <span class='ocrx_word' id='word_1_350' title='bbox 411 2416 524 2463; x_wconf 84' lang='lat' dir='ltr'>Haec</span> <span class='ocrx_word' id='word_1_351' title='bbox 562 2422 702 2466; x_wconf 83' lang='lat' dir='ltr'>modo</span> <span class='ocrx_word' id='word_1_352' title='bbox 739 2435 800 2468; x_wconf 87' lang='lat' dir='ltr'>cst</span> <span class='ocrx_word' id='word_1_353' title='bbox 838 2427 956 2488; x_wconf 85' lang='lat' dir='ltr'>apud</span> <span class='ocrx_word' id='word_1_354' title='bbox 992 2429 1314 2476; x_wconf 76' lang='lat' dir='ltr'>Heterodoxos</span> <span class='ocrx_word' id='word_1_355' title='bbox 1351 2433 1588 2477; x_wconf 84' lang='lat' dir='ltr'>dominans</span> <span class='ocrx_word' id='word_1_356' title='bbox 1624 2442 1766 2476; x_wconf 88' lang='lat' dir='ltr'>secta:</span> <span class='ocrx_word' id='word_1_357' title='bbox 1817 2429 2046 2494; x_wconf 85' lang='lat' dir='ltr'>hucusque</span> <span class='ocrx_word' id='word_1_358' title='bbox 2082 2433 2348 2489; x_wconf 78' lang='lat' dir='ltr'>tolerantia,</span> 
     </span>
     <span class='ocr_line' id='line_1_36' title="bbox 111 2488 2350 2561; baseline 0.016 -43"><span class='ocrx_word' id='word_1_359' title='bbox 111 2491 210 2536; x_wconf 73' lang='lat' dir='ltr'>quae</span> <span class='ocrx_word' id='word_1_360' title='bbox 249 2489 481 2542; x_wconf 82' lang='lat' dir='ltr'>tantopere</span> <span class='ocrx_word' id='word_1_361' title='bbox 517 2488 680 2532; x_wconf 69' lang='lat' dir='ltr'>saecuto</span> <span class='ocrx_word' id='word_1_362' title='bbox 719 2501 875 2536; x_wconf 88' lang='lat' dir='ltr'>nostro</span> <span class='ocrx_word' id='word_1_363' title='bbox 910 2494 1206 2554; x_wconf 83' lang='lat' dir='ltr'>praedicatur,</span> <span class='ocrx_word' id='word_1_364' title='bbox 1243 2514 1479 2559; x_wconf 84' lang='lat' dir='ltr'>progressa</span> <span class='ocrx_word' id='word_1_365' title='bbox 1514 2509 1612 2542; x_wconf 84' lang='lat' dir='ltr'>est.</span> <span class='ocrx_word' id='word_1_366' title='bbox 1651 2497 1700 2542; x_wconf 87' lang='lat' dir='ltr'>ld</span> <span class='ocrx_word' id='word_1_367' title='bbox 1736 2495 1981 2542; x_wconf 84' lang='lat' dir='ltr'>dolendum</span> <span class='ocrx_word' id='word_1_368' title='bbox 2019 2497 2199 2561; x_wconf 81' lang='lat' dir='ltr'>quidem</span> <span class='ocrx_word' id='word_1_369' title='bbox 2223 2534 2234 2553; x_wconf 71' lang='lat'>9</span> <span class='ocrx_word' id='word_1_370' title='bbox 2271 2498 2350 2543; x_wconf 73' lang='lat' dir='ltr'>Sssd</span> 
     </span>
     <span class='ocr_line' id='line_1_37' title="bbox 107 2542 2347 2626; baseline 0.012 -43"><span class='ocrx_word' id='word_1_371' title='bbox 107 2542 290 2588; x_wconf 80' lang='lat' dir='ltr'>minime</span> <span class='ocrx_word' id='word_1_372' title='bbox 329 2548 613 2609; x_wconf 73' lang='lat' dir='ltr'>mirandurn3</span> <span class='ocrx_word' id='word_1_373' title='bbox 663 2552 750 2599; x_wconf 91' lang='lat' dir='ltr'>hoc</span> <span class='ocrx_word' id='word_1_374' title='bbox 788 2557 911 2604; x_wconf 81' lang='lat' dir='ltr'>enirn</span> <span class='ocrx_word' id='word_1_375' title='bbox 947 2571 1039 2605; x_wconf 85' lang='lat' dir='ltr'>erat</span> <span class='ocrx_word' id='word_1_376' title='bbox 1076 2564 1370 2609; x_wconf 83' lang='lat' dir='ltr'>necessarium</span> <span class='ocrx_word' id='word_1_377' title='bbox 1407 2562 1942 2626; x_wconf 68' lang='lat' dir='ltr'>pseudo-reformationis</span> <span class='ocrx_word' id='word_1_378' title='bbox 1989 2564 2347 2620; x_wconf 73' lang='lat' dir='ltr'>consectarium,</span> 
     </span>
     <span class='ocr_line' id='line_1_38' title="bbox 110 2608 2344 2689; baseline 0.012 -41"><span class='ocrx_word' id='word_1_379' title='bbox 110 2617 155 2649; x_wconf 82' lang='lat' dir='ltr'>ut</span> <span class='ocrx_word' id='word_1_380' title='bbox 192 2608 359 2655; x_wconf 69' lang='lat' dir='ltr'>invecta</span> <span class='ocrx_word' id='word_1_381' title='bbox 395 2615 609 2677; x_wconf 85' lang='lat' dir='ltr'>quidlibet</span> <span class='ocrx_word' id='word_1_382' title='bbox 648 2622 958 2679; x_wconf 73' lang='lat' dir='ltr'>examinandi,</span> <span class='ocrx_word' id='word_1_383' title='bbox 994 2643 1043 2671; x_wconf 89' lang='lat' dir='ltr'>ae</span> <span class='ocrx_word' id='word_1_384' title='bbox 1081 2628 1310 2689; x_wconf 83' lang='lat' dir='ltr'>rejiciendi</span> <span class='ocrx_word' id='word_1_385' title='bbox 1346 2629 1573 2684; x_wconf 85' lang='lat' dir='ltr'>libertate,</span> <span class='ocrx_word' id='word_1_386' title='bbox 1610 2628 1722 2674; x_wconf 84' lang='lat' dir='ltr'>nihil</span> <span class='ocrx_word' id='word_1_387' title='bbox 1757 2629 1945 2689; x_wconf 85' lang='lat' dir='ltr'>amplius</span> <span class='ocrx_word' id='word_1_388' title='bbox 1981 2629 2124 2673; x_wconf 79' lang='lat' dir='ltr'>fixum</span> <span class='ocrx_word' id='word_1_389' title='bbox 2162 2631 2206 2672; x_wconf 93' lang='lat' dir='ltr'>in</span> <span class='ocrx_word' id='word_1_390' title='bbox 2245 2629 2344 2674; x_wconf 75' lang='lat' dir='ltr'>Re-</span> 
     </span>
     <span class='ocr_line' id='line_1_39' title="bbox 110 2670 2346 2759; baseline 0.013 -46"><span class='ocrx_word' id='word_1_391' title='bbox 110 2670 354 2733; x_wconf 77' lang='lat' dir='ltr'>ligionem,</span> <span class='ocrx_word' id='word_1_392' title='bbox 392 2691 628 2746; x_wconf 78' lang='lat' dir='ltr'>ratumque</span> <span class='ocrx_word' id='word_1_393' title='bbox 652 2701 928 2750; x_wconf 82' lang='lat' dir='ltr'>superesset.</span> <span class='ocrx_word' id='word_1_394' title='bbox 966 2692 1136 2740; x_wconf 87' lang='lat' dir='ltr'>Contra</span> <span class='ocrx_word' id='word_1_395' title='bbox 1170 2693 1285 2740; x_wconf 88' lang='lat' dir='ltr'>hanc</span> <span class='ocrx_word' id='word_1_396' title='bbox 1310 2707 1478 2759; x_wconf 87' lang='lat' dir='ltr'>pestem</span> <span class='ocrx_word' id='word_1_397' title='bbox 1500 2733 1513 2751; x_wconf 91' lang='lat'>,</span> <span class='ocrx_word' id='word_1_398' title='bbox 1548 2713 1647 2757; x_wconf 81' lang='lat' dir='ltr'>quae</span> <span class='ocrx_word' id='word_1_399' title='bbox 1683 2694 1765 2739; x_wconf 88' lang='lat' dir='ltr'>sub</span> <span class='ocrx_word' id='word_1_400' title='bbox 1803 2694 1910 2738; x_wconf 79' lang='lat' dir='ltr'>salso</span> <span class='ocrx_word' id='word_1_401' title='bbox 1950 2694 2144 2757; x_wconf 87' lang='lat' dir='ltr'>quodam</span> <span class='ocrx_word' id='word_1_402' title='bbox 2185 2693 2346 2741; x_wconf 81' lang='lat' dir='ltr'>huma-</span> 
     </span>
     <span class='ocr_line' id='line_1_40' title="bbox 109 2738 2340 2824; baseline 0.011 -42"><span class='ocrx_word' id='word_1_403' title='bbox 109 2738 254 2784; x_wconf 74' lang='lat' dir='ltr'>nitatis</span> <span class='ocrx_word' id='word_1_404' title='bbox 279 2745 461 2791; x_wconf 84' lang='lat' dir='ltr'>nomine</span> <span class='ocrx_word' id='word_1_405' title='bbox 475 2751 674 2809; x_wconf 77' lang='lat' dir='ltr'>quotidie</span> <span class='ocrx_word' id='word_1_406' title='bbox 695 2756 834 2816; x_wconf 84' lang='lat' dir='ltr'>magis</span> <span class='ocrx_word' id='word_1_407' title='bbox 853 2756 1087 2815; x_wconf 86' lang='lat' dir='ltr'>dilatatur,</span> <span class='ocrx_word' id='word_1_408' title='bbox 1125 2760 1398 2824; x_wconf 83' lang='lat' dir='ltr'>Theologiae</span> <span class='ocrx_word' id='word_1_409' title='bbox 1419 2761 1638 2808; x_wconf 85' lang='lat' dir='ltr'>candidati</span> <span class='ocrx_word' id='word_1_410' title='bbox 1659 2760 1782 2805; x_wconf 86' lang='lat' dir='ltr'>omni</span> <span class='ocrx_word' id='word_1_411' title='bbox 1797 2760 1944 2805; x_wconf 88' lang='lat' dir='ltr'>studio</span> <span class='ocrx_word' id='word_1_412' title='bbox 1963 2760 2195 2806; x_wconf 86' lang='lat' dir='ltr'>muniendi</span> <span class='ocrx_word' id='word_1_413' title='bbox 2213 2772 2340 2806; x_wconf 86' lang='lat' dir='ltr'>sunt.</span> 
     </span>
    </p>

    <p class='ocr_par' dir='ltr' id='par_1_5' title="bbox 104 2803 2343 3422">
     <span class='ocr_line' id='line_1_41' title="bbox 176 2803 2343 2891; baseline 0.013 -43"><span class='ocrx_word' id='word_1_414' title='bbox 176 2803 461 2857; x_wconf 72' lang='lat' dir='ltr'>Sanctissimo</span> <span class='ocrx_word' id='word_1_415' title='bbox 489 2815 720 2865; x_wconf 86' lang='lat' dir='ltr'>Trinitatis</span> <span class='ocrx_word' id='word_1_416' title='bbox 757 2824 966 2884; x_wconf 61' lang='lat' dir='ltr'>mysterio</span> <span class='ocrx_word' id='word_1_417' title='bbox 994 2827 1229 2889; x_wconf 76' lang='lat' dir='ltr'>exposito,</span> <span class='ocrx_word' id='word_1_418' title='bbox 1267 2839 1397 2891; x_wconf 80' lang='lat' dir='ltr'>atque</span> <span class='ocrx_word' id='word_1_419' title='bbox 1433 2828 1729 2881; x_wconf 78' lang='lat' dir='ltr'>confirmato,</span> <span class='ocrx_word' id='word_1_420' title='bbox 1767 2827 1810 2871; x_wconf 86' lang='lat' dir='ltr'>in</span> <span class='ocrx_word' id='word_1_421' title='bbox 1843 2837 2001 2889; x_wconf 80' lang='lat' dir='ltr'>quarto</span> <span class='ocrx_word' id='word_1_422' title='bbox 2037 2827 2265 2872; x_wconf 77' lang='lat' dir='ltr'>volumine</span> <span class='ocrx_word' id='word_1_423' title='bbox 2290 2845 2343 2874; x_wconf 78' lang='lat' dir='ltr'>ea</span> 
     </span>
     <span class='ocr_line' id='line_1_42' title="bbox 111 2870 2336 2950; baseline 0.013 -40"><span class='ocrx_word' id='word_1_424' title='bbox 111 2870 262 2942; x_wconf 75' lang='lat' dir='ltr'>omnia</span> <span class='ocrx_word' id='word_1_425' title='bbox 297 2873 427 2918; x_wconf 84' lang='lat' dir='ltr'>simul</span> <span class='ocrx_word' id='word_1_426' title='bbox 463 2881 743 2943; x_wconf 76' lang='lat' dir='ltr'>colligemus,</span> <span class='ocrx_word' id='word_1_427' title='bbox 781 2905 881 2950; x_wconf 58' lang='grc' dir='ltr'>(μεθ</span> <span class='ocrx_word' id='word_1_428' title='bbox 917 2886 976 2935; x_wconf 60' lang='lat' dir='ltr'>ad&#39;</span> <span class='ocrx_word' id='word_1_429' title='bbox 1007 2893 1279 2939; x_wconf 79' lang='lat' dir='ltr'>creationem</span> <span class='ocrx_word' id='word_1_430' title='bbox 1314 2912 1466 2940; x_wconf 86' lang='lat' dir='ltr'>rerum</span> <span class='ocrx_word' id='word_1_431' title='bbox 1499 2912 1555 2940; x_wconf 83' lang='lat' dir='ltr'>cx</span> <span class='ocrx_word' id='word_1_432' title='bbox 1591 2891 1734 2938; x_wconf 89' lang='lat' dir='ltr'>nihilo</span> <span class='ocrx_word' id='word_1_433' title='bbox 1760 2929 1771 2947; x_wconf 93' lang='lat'>,</span> <span class='ocrx_word' id='word_1_434' title='bbox 1809 2910 1832 2937; x_wconf 89' lang='lat' dir='ltr'>a</span> <span class='ocrx_word' id='word_1_435' title='bbox 1868 2891 2088 2938; x_wconf 78' lang='lat' dir='ltr'>veteribus</span> <span class='ocrx_word' id='word_1_436' title='bbox 2123 2892 2336 2938; x_wconf 71' lang='lat' dir='ltr'>Philoso-</span> 
     </span>
     <span class='ocr_line' id='line_1_43' title="bbox 106 2932 2337 3024; baseline 0.012 -46"><span class='ocrx_word' id='word_1_437' title='bbox 106 2932 210 2995; x_wconf 73' lang='lat' dir='ltr'>phus</span> <span class='ocrx_word' id='word_1_438' title='bbox 247 2936 524 2997; x_wconf 73' lang='lat' dir='ltr'>ignoratam,</span> <span class='ocrx_word' id='word_1_439' title='bbox 569 2964 591 2991; x_wconf 84' lang='lat' dir='ltr'>a</span> <span class='ocrx_word' id='word_1_440' title='bbox 628 2953 757 2997; x_wconf 70' lang='lat' dir='ltr'>novis,</span> <span class='ocrx_word' id='word_1_441' title='bbox 787 2965 935 3013; x_wconf 85' lang='lat' dir='ltr'>autem</span> <span class='ocrx_word' id='word_1_442' title='bbox 974 2958 1449 3024; x_wconf 83' lang='lat' dir='ltr'>pseudo-pbilosophis</span> <span class='ocrx_word' id='word_1_443' title='bbox 1486 2959 1794 3023; x_wconf 85' lang='lat' dir='ltr'>procacissime</span> <span class='ocrx_word' id='word_1_444' title='bbox 1833 2970 2037 3022; x_wconf 79' lang='lat' dir='ltr'>negatam</span> <span class='ocrx_word' id='word_1_445' title='bbox 2076 2961 2337 3021; x_wconf 81' lang='lat' dir='ltr'>pertinent;</span> 
     </span>
     <span class='ocr_line' id='line_1_44' title="bbox 105 3002 2334 3089; baseline 0.012 -46"><span class='ocrx_word' id='word_1_446' title='bbox 105 3009 203 3045; x_wconf 71' lang='lat' dir='ltr'>tum</span> <span class='ocrx_word' id='word_1_447' title='bbox 239 3002 295 3047; x_wconf 90' lang='lat' dir='ltr'>de</span> <span class='ocrx_word' id='word_1_448' title='bbox 331 3005 618 3066; x_wconf 82' lang='lat' dir='ltr'>Angelorum</span> <span class='ocrx_word' id='word_1_449' title='bbox 654 3020 903 3076; x_wconf 75' lang='lat' dir='ltr'>creatione,</span> <span class='ocrx_word' id='word_1_450' title='bbox 952 3023 1251 3088; x_wconf 81' lang='lat' dir='ltr'>omnibusque</span> <span class='ocrx_word' id='word_1_451' title='bbox 1289 3027 1365 3081; x_wconf 89' lang='lat' dir='ltr'>iis,</span> <span class='ocrx_word' id='word_1_452' title='bbox 1418 3044 1517 3089; x_wconf 82' lang='lat' dir='ltr'>quae</span> <span class='ocrx_word' id='word_1_453' title='bbox 1555 3026 1608 3071; x_wconf 92' lang='lat' dir='ltr'>de</span> <span class='ocrx_word' id='word_1_454' title='bbox 1646 3024 1714 3071; x_wconf 86' lang='lat' dir='ltr'>his</span> <span class='ocrx_word' id='word_1_455' title='bbox 1750 3024 2035 3071; x_wconf 85' lang='lat' dir='ltr'>nobilissimis</span> <span class='ocrx_word' id='word_1_456' title='bbox 2070 3024 2297 3087; x_wconf 78' lang='lat' dir='ltr'>spiritibus</span> <span class='ocrx_word' id='word_1_457' title='bbox 2323 3062 2334 3079; x_wconf 88' lang='lat'>,</span> 
     </span>
     <span class='ocr_line' id='line_1_45' title="bbox 108 3066 2333 3154; baseline 0.012 -45"><span class='ocrx_word' id='word_1_458' title='bbox 108 3077 184 3110; x_wconf 81' lang='lat' dir='ltr'>aut</span> <span class='ocrx_word' id='word_1_459' title='bbox 219 3066 365 3114; x_wconf 72' lang='lat' dir='ltr'>divina</span> <span class='ocrx_word' id='word_1_460' title='bbox 402 3074 636 3130; x_wconf 75' lang='lat' dir='ltr'>revelatio,</span> <span class='ocrx_word' id='word_1_461' title='bbox 673 3093 745 3126; x_wconf 85' lang='lat' dir='ltr'>aut</span> <span class='ocrx_word' id='word_1_462' title='bbox 770 3084 914 3133; x_wconf 85' lang='lat' dir='ltr'>Sanct.</span> <span class='ocrx_word' id='word_1_463' title='bbox 939 3088 1123 3135; x_wconf 87' lang='lat' dir='ltr'>Patrum</span> <span class='ocrx_word' id='word_1_464' title='bbox 1147 3091 1324 3137; x_wconf 89' lang='lat' dir='ltr'>traditio</span> <span class='ocrx_word' id='word_1_465' title='bbox 1360 3110 1442 3139; x_wconf 89' lang='lat' dir='ltr'>nos</span> <span class='ocrx_word' id='word_1_466' title='bbox 1466 3092 1644 3146; x_wconf 83' lang='lat' dir='ltr'>docuit,</span> <span class='ocrx_word' id='word_1_467' title='bbox 1682 3109 1777 3137; x_wconf 88' lang='lat' dir='ltr'>non</span> <span class='ocrx_word' id='word_1_468' title='bbox 1801 3091 2086 3154; x_wconf 85' lang='lat' dir='ltr'>indiligenter</span> <span class='ocrx_word' id='word_1_469' title='bbox 2120 3108 2333 3153; x_wconf 76' lang='lat' dir='ltr'>agemu53</span> 
     </span>
     <span class='ocr_line' id='line_1_46' title="bbox 106 3131 2334 3221; baseline 0.012 -45"><span class='ocrx_word' id='word_1_470' title='bbox 106 3131 307 3179; x_wconf 83' lang='lat' dir='ltr'>videlicet</span> <span class='ocrx_word' id='word_1_471' title='bbox 343 3137 396 3181; x_wconf 93' lang='lat' dir='ltr'>de</span> <span class='ocrx_word' id='word_1_472' title='bbox 433 3155 591 3186; x_wconf 81' lang='lat' dir='ltr'>eorum</span> <span class='ocrx_word' id='word_1_473' title='bbox 627 3144 889 3210; x_wconf 78' lang='lat' dir='ltr'>incorporea</span> <span class='ocrx_word' id='word_1_474' title='bbox 916 3166 1100 3212; x_wconf 79' lang='lat' dir='ltr'>natura,</span> <span class='ocrx_word' id='word_1_475' title='bbox 1136 3157 1190 3202; x_wconf 89' lang='lat' dir='ltr'>de</span> <span class='ocrx_word' id='word_1_476' title='bbox 1226 3158 1358 3204; x_wconf 86' lang='lat' dir='ltr'>variis.</span> <span class='ocrx_word' id='word_1_477' title='bbox 1377 3176 1534 3204; x_wconf 87' lang='lat' dir='ltr'>eorum</span> <span class='ocrx_word' id='word_1_478' title='bbox 1570 3157 1750 3212; x_wconf 88' lang='lat' dir='ltr'>choris,</span> <span class='ocrx_word' id='word_1_479' title='bbox 1787 3169 1917 3221; x_wconf 86' lang='lat' dir='ltr'>atque</span> <span class='ocrx_word' id='word_1_480' title='bbox 1943 3158 2131 3210; x_wconf 84' lang='lat' dir='ltr'>officiis,</span> <span class='ocrx_word' id='word_1_481' title='bbox 2169 3158 2222 3202; x_wconf 86' lang='lat' dir='ltr'>de</span> <span class='ocrx_word' id='word_1_482' title='bbox 2253 3156 2334 3202; x_wconf 25' lang='lat' dir='ltr'>boh·</span> 
     </span>
     <span class='ocr_line' id='line_1_47' title="bbox 105 3205 2330 3289; baseline 0.012 -48"><span class='ocrx_word' id='word_1_483' title='bbox 105 3212 298 3269; x_wconf 65' lang='lat' dir='ltr'>norum,</span> <span class='ocrx_word' id='word_1_484' title='bbox 329 3219 378 3246; x_wconf 89' lang='lat' dir='ltr'>ac</span> <span class='ocrx_word' id='word_1_485' title='bbox 414 3205 639 3254; x_wconf 83' lang='lat' dir='ltr'>malorum</span> <span class='ocrx_word' id='word_1_486' title='bbox 672 3212 985 3276; x_wconf 81' lang='lat' dir='ltr'>distinetione,</span> <span class='ocrx_word' id='word_1_487' title='bbox 1022 3221 1076 3266; x_wconf 89' lang='lat' dir='ltr'>de</span> <span class='ocrx_word' id='word_1_488' title='bbox 1111 3223 1297 3271; x_wconf 81' lang='lat' dir='ltr'>istorum</span> <span class='ocrx_word' id='word_1_489' title='bbox 1335 3235 1538 3288; x_wconf 76' lang='lat' dir='ltr'>peccam,</span> <span class='ocrx_word' id='word_1_490' title='bbox 1575 3236 1614 3270; x_wconf 86' lang='lat' dir='ltr'>et</span> <span class='ocrx_word' id='word_1_491' title='bbox 1652 3224 1824 3289; x_wconf 87' lang='lat' dir='ltr'>poenis;</span> <span class='ocrx_word' id='word_1_492' title='bbox 1863 3242 1911 3270; x_wconf 85' lang='lat' dir='ltr'>ac</span> <span class='ocrx_word' id='word_1_493' title='bbox 1948 3225 2132 3269; x_wconf 77' lang='lat' dir='ltr'>demum</span> <span class='ocrx_word' id='word_1_494' title='bbox 2167 3225 2221 3268; x_wconf 89' lang='lat' dir='ltr'>de</span> <span class='ocrx_word' id='word_1_495' title='bbox 2261 3223 2330 3268; x_wconf 84' lang='lat' dir='ltr'>illa</span> 
     </span>
     <span class='ocr_line' id='line_1_48' title="bbox 104 3273 2328 3354; baseline 0.013 -48"><span class='ocrx_word' id='word_1_496' title='bbox 104 3278 310 3323; x_wconf 80' lang='lat' dir='ltr'>lpsorum</span> <span class='ocrx_word' id='word_1_497' title='bbox 344 3273 653 3332; x_wconf 82' lang='lat' dir='ltr'>perversitate,</span> <span class='ocrx_word' id='word_1_498' title='bbox 709 3296 796 3341; x_wconf 85' lang='lat' dir='ltr'>qua</span> <span class='ocrx_word' id='word_1_499' title='bbox 833 3287 992 3331; x_wconf 84' lang='lat' dir='ltr'>nostris</span> <span class='ocrx_word' id='word_1_500' title='bbox 1027 3288 1215 3346; x_wconf 86' lang='lat' dir='ltr'>animis,</span> <span class='ocrx_word' id='word_1_501' title='bbox 1269 3302 1399 3354; x_wconf 88' lang='lat' dir='ltr'>atque</span> <span class='ocrx_word' id='word_1_502' title='bbox 1436 3291 1568 3337; x_wconf 82' lang='lat' dir='ltr'>etiarn</span> <span class='ocrx_word' id='word_1_503' title='bbox 1602 3289 1866 3354; x_wconf 85' lang='lat' dir='ltr'>corporibus</span> <span class='ocrx_word' id='word_1_504' title='bbox 1904 3290 2193 3345; x_wconf 75' lang='lat' dir='ltr'>insidiantur,</span> <span class='ocrx_word' id='word_1_505' title='bbox 2253 3290 2328 3335; x_wconf 87' lang='lat' dir='ltr'>ubi</span> 
     </span>
     <span class='ocr_line' id='line_1_49' title="bbox 105 3330 2327 3422; baseline 0.013 -49"><span class='ocrx_word' id='word_1_506' title='bbox 105 3330 312 3389; x_wconf 81' lang='lat' dir='ltr'>quaedam</span> <span class='ocrx_word' id='word_1_507' title='bbox 347 3334 507 3383; x_wconf 85' lang='lat' dir='ltr'>addere</span> <span class='ocrx_word' id='word_1_508' title='bbox 543 3342 765 3404; x_wconf 85' lang='lat' dir='ltr'>oportebit</span> <span class='ocrx_word' id='word_1_509' title='bbox 803 3348 856 3394; x_wconf 84' lang='lat' dir='ltr'>de</span> <span class='ocrx_word' id='word_1_510' title='bbox 893 3356 1231 3416; x_wconf 85' lang='lat' dir='ltr'>energumenis,</span> <span class='ocrx_word' id='word_1_511' title='bbox 1267 3374 1318 3403; x_wconf 86' lang='lat' dir='ltr'>ac</span> <span class='ocrx_word' id='word_1_512' title='bbox 1351 3357 1406 3404; x_wconf 89' lang='lat' dir='ltr'>dc</span> <span class='ocrx_word' id='word_1_513' title='bbox 1442 3357 1625 3422; x_wconf 85' lang='lat' dir='ltr'>magicis</span> <span class='ocrx_word' id='word_1_514' title='bbox 1660 3356 1855 3416; x_wconf 88' lang='lat' dir='ltr'>artibus,</span> <span class='ocrx_word' id='word_1_515' title='bbox 1891 3374 1990 3419; x_wconf 62' lang='lat' dir='ltr'>quae</span> <span class='ocrx_word' id='word_1_516' title='bbox 2026 3358 2327 3403; x_wconf 79' lang='lat' dir='ltr'>recentiorum</span> 
     </span>
    </p>
   </div>
   <div class='ocr_carea' id='block_1_3' title="bbox 2144 3440 2256 3487">
    <p class='ocr_par' dir='ltr' id='par_1_6' title="bbox 2144 3440 2256 3487">
     <span class='ocr_line' id='line_1_50' title="bbox 2144 3440 2256 3487; baseline 0.009 0"><span class='ocrx_word' id='word_1_517' title='bbox 2144 3440 2256 3487; x_wconf 72' lang='lat' dir='ltr'>quo-</span> 
     </span>
    </p>
   </div>
  </div>
 </body>
</html>
