2564 3706
194 87 278 132 166

126 163 238 203 faaae
268 180 289 202 a
319 163 401 202 Deo
429 173 497 212 per
523 161 661 200 Isaiam
680 191 692 211 ‚
722 161 756 198 ἃ
775 163 980 202 Jeremiam
999 195 1010 214 ,
1040 173 1242 203 venturum

125 233 204 257 esse
225 229 395 268 tempus,
427 216 464 252 in
493 228 569 267 quo
584 228 658 254 non
688 215 859 270 amplius
880 216 1157 270 Prophetarum
1177 228 1242 253 ore

122 271 226 309 Deus
256 267 446 321 populum
476 282 589 306 suum
619 269 805 318 docebat,
836 271 899 309 sed
926 284 991 308 ore
1021 269 1115 308 Filii
1145 270 1204 305 sui
1228 297 1239 315 ‚

126 323 276 374 quando
317 334 456 373 nempe
487 321 602 360 illum
644 324 768 362 mittet
797 325 836 362 in
879 324 1088 366 mundum3
1136 321 1240 371 quod

122 375 292 413 Christus
322 374 575 426 adimpletum
605 390 683 416 esse
711 378 759 416 iis
789 377 915 416 verbis
945 375 1095 413 innuit:
1134 373 1241 410 Scri-

120 438 230 480 ptum
259 437 317 466 est
345 433 388 466 in
416 428 620 480 Prophetis
649 430 720 470 &c.
738 462 748 480 ‚
797 430 939 467 clarius
976 435 1105 465 autem
1137 427 1239 477 Apo-

124 482 239 519 stolus
269 481 411 521 Paulus
441 484 552 522 initio
580 485 689 533 epist.
720 484 765 522 ad
789 482 886 520 Heb.
917 481 1068 517 dicens:
1097 477 1238 517 Multi-

105 534 276 588 jurium
294 566 304 584 ,
335 537 544 587 multisque
564 536 690 575 modis
720 537 815 573 olim
836 533 945 571 Deus
975 533 1136 584 loquens
1159 531 1238 571 Pa-

119 588 239 635 tribus
270 593 310 627 in
326 589 556 641 Prophetis,
586 592 795 627 novissime
815 585 946 624 diebus
975 590 1060 624 istis
1088 587 1241 625 locutus

120 653 181 682 est
209 643 318 681 nobis
348 648 389 681 in
419 643 543 681 Filio.
592 644 764 680 Laterem
795 653 907 692 porro
937 639 1067 678 lavare
1108 640 1240 679 viden-

127 706 188 734 tur
206 727 216 746 ‚
259 699 327 750 qui
357 696 507 750 aliquid
535 708 604 749 pro
632 696 771 747 spiritu
801 695 950 746 privato
979 693 1069 732 hinc
1097 706 1239 733 conau-

122 758 183 790 tnr
212 764 344 788 eruere
362 777 374 790 .

173 803 242 855 87.
273 805 331 843 Ad
362 818 399 842 2.
428 815 473 840 ex
494 802 604 853 epist.
640 814 672 839 1.
694 799 735 839 S.
755 800 893 840 Joann.
925 815 1011 854 cap.
1029 801 1079 840 II.
1109 814 1239 853 resp.,

121 859 276 896 nomine
306 856 497 894 unHionls
517 853 680 906 intelligi
711 856 866 907 proprie
895 856 1060 907 gratiam
1075 856 1150 894 Dei
1180 857 1240 894 in-

118 912 296 948 teriorem
316 940 326 958 ,
374 923 479 961 qua,
528 916 567 945 ut
598 908 726 961 inquit
754 908 796 947 S.
827 907 1000 948 Thomas
1041 908 1239 962 explicans

114 962 219 1001 hunc
260 963 389 1000 locum
421 964 435 1013 (
468 975 505 1000 2.
538 975 574 1000 2.
603 976 671 1014 qu.
693 960 733 1000 8.
763 971 834 1001 art.
856 962 895 1008 4.
938 963 987 1001 ad
1022 977 1055 1002 1.
1085 964 1101 1013 )
1149 962 1239 1014 justi

113 1020 227 1052 circa
243 1045 254 1062 ,
284 1028 375 1066 quae
393 1024 484 1052 sunt
506 1014 555 1053 <le
575 1019 816 1054 necessitate
835 1017 980 1054 salutis
997 1047 1008 1066 ,
1038 1016 1238 1067 sufficien-

112 1078 173 1107 ter
202 1073 446 1106 instruuntur
476 1083 504 1106 a
524 1069 669 1121 Spiritu
691 1068 865 1108 Srano.
896 1071 985 1112 Inde
1015 1079 1140 1109 tamen
1163 1084 1240 1110 non

114 1121 332 1161 excluditur
362 1123 627 1174 magisterium
658 1123 844 1161 Ecclesiae
862 1154 873 1172 ,
903 1137 981 1177 quo
1008 1124 1055 1162 de
1083 1126 1238 1175 dogma-

116 1176 220 1214 tibus
238 1175 446 1227 Religionis
475 1178 713 1224 certissime,
744 1176 777 1213 8<
806 1179 886 1215 sine
917 1176 998 1215 ullo
1012 1180 1151 1216 erroris
1172 1191 1239 1230 pe-

115 1229 244 1267 riculo
272 1231 529 1268 instruamur.
562 1231 770 1283 Alioquin,
801 1226 840 1268 ut
870 1230 964 1269 bene
984 1230 1025 1268 S.
1056 1231 1238 1282 Augusti-

114 1297 186 1321 nus
227 1283 402 1322 observat
433 1287 448 1335 (
478 1282 608 1321 Trast.
630 1284 696 1321 Ill.
728 1284 768 1321 in
813 1283 884 1320 hoc
923 1297 1010 1334 cap.
1031 1283 1083 1320 H.
1112 1297 1175 1335 ep.
1202 1296 1235 1322 1.

113 1336 156 1385 S.
184 1335 341 1374 Joannis
370 1336 414 1383 )‚
453 1349 735 1387 supervacanea
767 1336 896 1374 fuisset
926 1334 1010 1373 haec
1041 1337 1123 1388 ipsa
1153 1337 1235 1388 epi-

111 1389 206 1429 stola
234 1390 275 1427 S.
304 1389 485 1427 Joannis.
538 1387 592 1424 Τιι
621 1388 784 1436 dixisti,
827 1392 922 1434 quia
953 1387 1083 1427 unitio
1114 1390 1236 1442 ipsius

112 1444 219 1480 docet
249 1456 311 1480 vos
340 1442 385 1479 de
415 1441 618 1488 omnibus3
666 1450 707 1478 ut
736 1442 828 1492 qual
857 1443 984 1480 talem
1021 1444 1234 1493 epistolam

99 1493 282 1548 jecisti?
310 1494 401 1544 qual
430 1495 515 1532 illos
544 1504 585 1532 tu
605 1494 814 1534 docebas?
841 1495 935 1549 quid
963 1496 1233 1536 instruebas?

112 1547 203 1600 quid
231 1546 507 1600 aedificabas?

170 1601 236 1640 88.
266 1602 384 1641 Aliud
406 1602 446 1640 S.
467 1602 624 1641 Joannis
654 1603 844 1642 monitum
874 1618 918 1642 ex
940 1618 1027 1658 cap.
1048 1603 1118 1644 IV.
1146 1617 1235 1656 pro·

114 1654 206 1696 bate
234 1660 415 1708 spiritus,
445 1659 478 1693 si
507 1669 559 1693 ex
579 1655 670 1694 Deo
699 1661 797 1706 sinc,
829 1658 1075 1697 referendum
1105 1668 1157 1698 est
1187 1659 1237 1698 ad

110 1709 506 1762 Pseudo-prophetas,
536 1723 631 1763 quos
661 1711 806 1749 ibidem
837 1712 1007 1750 vitandos
1036 1726 1142 1761 esse,
1185 1716 1237 1751 A·

109 1762 277 1815 postolus
299 1773 423 1801 monet
441 1793 452 1812 ,
481 1764 666 1803 subdens:
700 1765 906 1815 Quoniam
928 1766 1040 1805 multi
1064 1766 1237 1805 Pseudo-

117 1815 314 1866 prop72etae
335 1821 518 1854 exierunt
547 1822 587 1855 In
619 1818 812 1856 mundum
832 1846 841 1858 .
873 1820 950 1857 Hos
979 1830 1108 1858 autem
1140 1822 1236 1860 faci-

109 1869 147 1906 le
177 1872 349 1919 cognosci
380 1884 485 1922 posse
515 1870 635 1920 dicit,
665 1873 696 1910 si
726 1873 939 1910 doctrinam
962 1883 1142 1926 spargant
1171 1890 1234 1913 ve-

117 1936 172 1960 rae
202 1923 344 1960 Christi
389 1924 605 1971 divinitati,
654 1933 769 1977 atque
812 1925 1043 1964 humanitati
1087 1937 1233 1966 contra-

116 1979 217 2014 riam
236 2007 246 2025 ,
278 1978 375 2014 unde
395 1978 521 2014 statim
551 1978 678 2015 addit:
708 1977 756 2015 In
786 1978 857 2016 hoc
887 1984 1136 2030 cognoscitur
1157 1985 1234 2030 spi·

117 2034 216 2067 ritus
246 2030 323 2067 Dei
342 2045 357 2075 ,·
398 2034 527 2068 omnis
556 2035 734 2081 spiritus,
764 2036 829 2083 qui
858 2032 1070 2085 confitetur
1097 2032 1235 2070 sestam

122 2083 321 2126 Christum
351 2087 392 2119 in
422 2096 547 2120 carne
576 2089 755 2131 venisse,
786 2098 838 2122 ex
867 2084 956 2123 Deo
985 2096 1073 2131 est,·
1116 2087 1165 2127 ὅ)
1194 2100 1232 2124 o-

122 2140 227 2173 mnis
257 2140 441 2185 spiritus,
472 2140 536 2186 qui
565 2137 675 2174 solrlt
694 2137 831 2174 Jesutn
864 2142 878 2190 (
910 2137 981 2176 hoc
1012 2148 1064 2176 est
1092 2139 1233 2178 alteru-

113 2199 214 2227 trum
244 2198 383 2240 negat,
414 2191 493 2227 sive
521 2188 604 2241 ejus
633 2192 875 2229 divinitatem
894 2221 904 2239 ,
943 2192 1022 2229 sive
1053 2191 1234 2230 humani-

114 2254 227 2281 tatem
259 2244 273 2290 )
305 2257 357 2280 ex
388 2241 476 2280 Deo
506 2257 587 2280 non
616 2253 676 2282 est
696 2274 706 2292 ,
746 2246 796 2286 (⁸)-
826 2244 885 2283 ltz'c
916 2254 973 2282 est
1005 2245 1233 2284 Anu-Chre-

112 2306 220 2334 πίας.
251 2297 362 2344 Quod
394 2297 548 2348 perinde
577 2306 653 2347 est,
683 2313 728 2337 ac
757 2301 788 2338 si
819 2313 886 2338 nos
915 2299 1146 2339 diceremus:
1195 2314 1233 2338 o-

114 2352 232 2395 mnis,
282 2351 348 2402 qui
379 2349 505 2401 aliam·
535 2352 749 2391 doctrinam
794 2353 980 2406 praedicat
1009 2369 1031 2392 a
1059 2355 1234 2393 doctrina

118 2403 304 2442 Ecclesiae
322 2435 332 2453 ,
362 2412 414 2442 est
444 2403 645 2444 liaereticus
663 2436 673 2454 ,
704 2406 737 2443 8(
767 2420 842 2446 non
871 2407 1106 2446 audiendus.
1136 2408 1235 2446 Nul-

115 2457 263 2496 latenus
293 2467 421 2496 autem
442 2457 532 2496 hinc
564 2459 682 2497 voluit
699 2460 739 2498 S.
755 2461 915 2499 Joannes
938 2462 1117 2509 innuere,
1149 2476 1233 2513 pos-

114 2525 151 2548 se
180 2525 245 2549 nos
275 2513 428 2563 spiritui
458 2513 609 2564 privato
638 2514 679 2552 in
718 2516 835 2553 sacris
864 2515 1018 2554 Litteris
1048 2517 1232 2568 interpre-

115 2566 237 2603 tandis
266 2566 419 2603 credere
436 2593 447 2603 .
1201 2615 1204 2619 ⁴

169 2618 234 2671 89.
265 2619 377 2667 Quod
419 2628 546 2658 autem
578 2619 778 2673 Apostolus
816 2620 957 2661 Paulus
988 2620 1231 2661 'Thessaloni-

118 2673 293 2710 censibus
314 2674 489 2726 praecipit
509 2687 517 2710 z
547 2678 728 2724 spiritum
750 2675 870 2714 nolite
899 2679 1136 2728 extinguere
1158 2676 1229 2716 ἃς.

118 2723 217 2763 7nunc
248 2725 362 2764 habet
383 2740 558 2765 sensum:
588 2727 705 2767 nolite
726 2728 892 2782 Spiritus
914 2729 954 2768 S.
984 2731 1082 2769 dona
1099 2761 1109 2779 ,
1139 2744 1229 2783 quae

117 2778 254 2814 dantur
283 2781 329 2818 ad
359 2780 525 2819 aliorum
558 2782 790 2832 utilitatem,
833 2783 1066 2835 probibere,
1105 2798 1229 2837 neque

116 2830 333 2883 prophetias
362 2848 564 2886 spernere,
609 2850 673 2874 seu
705 2837 1029 2888 interpretationes
1057 2838 1230 2891 Scriptu-

118 2896 276 2931 rarum,
304 2900 390 2935 quae
421 2888 469 2926 ab
490 2888 578 2927 aliis
609 2890 884 2942 proferuntur.
917 2891 989 2929 Sed
1010 2901 1136 2930 tamen
1153 2905 1234 2931 nio-

117 2945 181 2974 net
200 2965 211 2984 ,
242 2951 288 2974 ue
308 2942 436 2977 omnia
457 2944 537 2980 sine
557 2944 685 2981 debito
706 2946 881 2983 examine
902 2947 1087 2998 recipiant
1105 2976 1115 2994 ,
1146 2948 1235 2986 sub-

117 2990 233 3028 dens:
267 2989 418 3028 Omnia
440 2995 599 3044 probate
628 2997 699 3036 ἃς.
729 3013 817 3051 quae
849 2999 967 3038 verba
989 3013 1064 3038 non
1096 3003 1147 3039 ita
1175 3002 1235 3038 in-

119 3042 320 3093 telligenda
352 3055 433 3081 sunt
455 3076 464 3093 ,
496 3059 534 3085 ut
563 3052 729 3101 quilibet
758 3052 864 3104 juxta
895 3054 1089 3105 privatum
1120 3069 1234 3093 suum

118 3098 298 3148 spiritum
330 3097 465 3135 debeat
493 3106 738 3152 examinare,
768 3108 969 3157 judicare,
1000 3107 1033 3143 8(
1062 3107 1232 3159 eligere,

119 3154 236 3202 quusi
266 3164 347 3188 non.
376 3151 521 3199 liceat,
553 3163 592 3190 ut
622 3157 746 3208 inquit
776 3163 947 3212 apposite
968 3161 1233 3201 Tertullianus

119 3203 168 3241 de
200 3204 428 3256 Praescript.
459 3204 615 3244 Haeret.
646 3221 680 3244 c.
705 3211 740 3247 5.
770 3214 948 3252 omnibus
993 3216 1102 3253 male
1131 3229 1233 3254 exa-

121 3262 289 3295 minatis
331 3262 371 3295 in
401 3258 631 3297 electionem
660 3263 830 3315 alicujus
872 3269 970 3306 mali
1010 3273 1233 3323 impingere

123 3324 191 3362 per
222 3324 426 3363 errorem,
457 3314 669 3357 sedomnia
697 3317 892 3369 probanda
913 3331 994 3360 suut
1014 3322 1122 3375 juxta
1151 3339 1233 3365 ma-

754 83 903 128 PARS
938 84 995 128 11.
1027 82 1433 129 DISSERTATIO
1466 82 1532 126 11.
1557 83 1686 129 GAP.
1723 85 1802 130 1v.

1308 162 1509 214 gisterium
1538 161 1754 222 Ecclesiae,
1783 164 2190 217 quaestcolumm,
2233 165 2431 211 ‹st-firma-

1309 222 1483 254 mentum
1515 223 1685 253 verttatts
1703 240 1714 252 .

1362 279 1428 320 90.
1459 266 1696 306 Postremum
1727 280 1772 305 ex
1801 268 1914 320 epist.
1939 282 1973 308 ι.
2001 271 2089 311 Cor.
2138 275 2256 327 capit.
2277 275 2327 314 ΙΙ.
2356 288 2436 315 non

1308 320 1359 358 ita
1381 319 1669 371 intelligendum
1687 331 1739 358 est
1756 350 1767 369 ,
1795 323 1909 374 quasi
1928 321 2042 361 homo
2061 327 2275 377 spiritualis
2292 359 2302 378 ,
2334 329 2435 368 idest.

1308 374 1347 411 in
1375 372 1458 426 lege
1489 374 1563 413 Dei
1593 373 1758 426 perteue
1788 374 2022 424 instructus,
2065 380 2181 430 possit
2208 385 2340 421 omnia
2370 381 2432 434 ju-

1305 426 1436 465 dicare
1465 428 1676 466 secundum
1706 441 1818 467 suum
1848 430 2046 481 privatum
2074 432 2253 483 ‚spiritum
2282 434 2433 486 judicio

1306 482 1498 533 potestatis
1515 511 1526 530 ,
1557 481 1619 519 sed
1640 480 1787 532 judicio
1806 481 2048 522 discretionis
2065 513 2076 532 ,
2107 493 2219 535 prout
2240 487 2435 528 Ecclesiae

1308 535 1526 586 magisterio
1541 533 1694 573 edoctus
1712 543 1794 574 est.
1823 535 1947 575 Sicuti
1976 535 2221 590 legisperitus
2250 549 2368 592 potest
2383 543 2434 581 de

1308 587 1442 625 multis
1471 587 1672 640 judicare,
1703 602 1793 642 quae
1823 588 1893 627 alii
1913 591 2074 628 minime
2095 591 2343 644 intelligunt,
2370 596 2435 646 ju..

1307 641 1411 679 dicio
1439 650 1565 680 tamen
1593 643 1835 680 discretionis
1863 643 2156 691 tantummod03
2187 645 2363 697 judicare
2392 662 2442 685 em

1306 695 1390 733 nim
1420 693 1568 746 judicio
1596 696 1792 744 decisivo,
1823 694 1857 732 δε
1877 699 2070 749 potestatis
2100 701 2265 750 pertinet
2294 700 2342 738 ad
2370 699 2436 752 ju-

1308 748 1434 786 dicem
1454 775 1464 787 .
1509 748 1557 788 Et
1585 749 1687 801 quod
1716 749 1898 798 additur,
1926 752 2010 800 ipse
2039 760 2177 789 autem
2206 766 2234 791 a
2264 758 2447 793 nemine.

1302 801 1540 855 judicatur,
1582 816 1673 841 cum
1703 801 1936 841 restrifflone
1977 804 2206 843 sumendum
2235 816 2317 854 est3
2359 809 2447 847 sci-7

1308 856 1398 894 licet
1427 872 1448 895 a
1477 857 1631 895 nemine
1648 887 1658 906 ‚
1689 858 1757 907 qui
1780 857 1919 895 nonsit
1950 870 2060 910 aeque
2078 887 2090 905 ,
2120 866 2186 896 aut
2203 862 2327 912 magis
2347 863 2430 914 spi-

1308 910 1486 959 ritualis,
1516 909 1551 947 8<
1581 909 1793 963 perfe6h193
1824 924 1911 949 nam
1933 909 2116 948 Sanctum
2146 909 2330 964 Petrum,
2359 915 2434 967 qtti

1307 964 1441 1016 utique
1469 963 1684 1016 spiritualis
1711 974 1819 1012 erat,
1850 964 1968 1003 fuisse
1998 979 2020 1003 a
2040 963 2081 1004 S.
2103 963 2224 1004 Paulo
2251 964 2446 1020 aliquam.

1306 1017 1355 1056 do
1383 1017 1624 1069 judicatum,
1655 1016 1689 1053 &
1718 1016 1993 1069 reprehensum
2024 1017 2223 1069 legimus.

1361 1084 1428 1123 9¹·
1458 1071 1601 1109 Dices.
1637 1070 1810 1109 Christus
1839 1070 2030 1109 Dominus
2060 1072 2159 1110 Luc.
2180 1072 2251 1111 XI.
2287 1073 2348 1113 15.
2379 1075 2430 1113 si-

1307 1137 1356 1161 ne
1386 1124 1505 1161 dubio
1536 1125 1748 1175 promittit,
1796 1124 1899 1176 quod
1931 1123 2054 1163 Pater
2084 1135 2221 1165 noster
2249 1125 2298 1165 de
2328 1128 2431 1167 coelo

1307 1175 1416 1213 dabit
1445 1180 1625 1226 spiritum
1656 1176 1802 1215 bonum
1831 1176 2050 1226 petentibus
2078 1191 2150 1216 se:
2181 1179 2282 1218 unde
2311 1181 2431 1220 etiam

1305 1230 1348 1267 S.
1379 1230 1641 1281 Hieronymus
1683 1230 1796 1281 epist.
1828 1230 1893 1268 55.
1923 1231 1971 1268 ad
2000 1231 2209 1270 Paulinum
2249 1246 2291 1271 n.
2314 1246 2351 1271 2.
2381 1234 2430 1272 de

1305 1282 1599 1335 Scripturarum
1619 1282 1876 1334 intelligentia
1895 1297 2056 1335 sequens
2073 1313 2083 1331 ,
2114 1286 2263 1335 inquit:
2292 1295 2430 1337 peten-

1304 1340 1334 1373 tt
1365 1335 1510 1384 sititur,
1552 1336 1730 1388 pulsanti
1766 1338 1976 1388 aperitur,
2019 1348 2204 1387 quaerens
2247 1341 2429 1377 invenit:

1307 1402 1397 1442 ergo
1426 1388 1499 1428 &c-

1357 1457 1424 1495 92.
1456 1443 1568 1496 Resp.
1598 1443 1764 1483 Nomine
1784 1445 1944 1496 spiritus
1972 1440 2061 1480 hom*
2091 1440 2155 1481 hic
2185 1456 2258 1482 non
2287 1441 2432 1483 intelli-

1302 1498 1340 1548 gi
1371 1497 1551 1550 spiritum
1581 1501 1778 1551 privatum
1802 1496 2335 1549 interpretandiScripturas,
2364 1498 2439 1547 sed,

1303 1551 1404 1590 bona
1433 1553 1597 1603 gratiae,
1626 1564 1716 1605 quae
1746 1551 1853 1589 Deus
1882 1552 1929 1588 iis
1958 1564 2034 1589 non
2064 1550 2254 1602 denegat,
2293 1552 2361 1604 qui
2390 1564 2433 1588 o-

1305 1615 1387 1643 rant
1416 1608 1515 1644 sicut
1542 1615 1714 1658 oportet3
1746 1606 1847 1643 unde
1866 1605 1907 1643 S.
1927 1602 2137 1642 Matthaeus
2167 1604 2299 1642 eadem
2315 1604 2429 1643 Chri-

1305 1660 1352 1697 sti
1383 1659 1501 1698 verba
1539 1660 1706 1697 referens
1749 1672 1837 1710 cap.
1858 1658 1946 1696 VII.
1983 1671 2043 1695 11.
2073 1658 2175 1695 bona
2215 1659 2258 1695 in
2289 1671 2429 1710 genere

1305 1721 1611 1762 commemorat,
1640 1713 1797 1751 dicens:
1843 1710 2007 1761 Quanto
2037 1713 2170 1763 magis
2200 1710 2324 1749 Pater
2366 1725 2428 1751 ve-

1305 1776 1388 1804 ster
1405 1797 1414 1815 ‚
1444 1771 1510 1817 qui
1529 1770 1571 1804 ιή
1590 1767 1703 1804 coelt‘s
1732 1774 1792 1804 est
1808 1794 1818 1813 ,
1848 1764 1956 1802 dabit
1976 1763 2083 1801 bonu.
2110 1763 2330 1814 petentibus
2344 1778 2387 1803 se
2402 1763 2431 1802 ?

1305 1820 1497 1872 Spiritum
1528 1834 1616 1873 ergo
1638 1818 1878 1871 intelligendi
1894 1830 2019 1856 sacras
2048 1816 2192 1855 litteras
2220 1833 2242 1856 a
2259 1818 2343 1856 Deo
2357 1818 2428 1857 ob-

1303 1876 1493 1923 tinemus,
1521 1876 1619 1912 sicut
1640 1874 1675 1910 &
1703 1872 1782 1912 alia
1802 1872 1930 1920 bona,
1961 1872 1992 1909 si
2021 1871 2284 1919 oraverimus,
2315 1880 2431 1923 prout

1302 1937 1468 1978 oportet.
1499 1927 1575 1966 Sed
1590 1929 1768 1980 quisnam
1790 1934 1914 1965 certus
1933 1926 2091 1963 omnino
2119 1924 2195 1971 sit,
2227 1938 2263 1962 se
2292 1937 2428 1974 orare,

1302 1982 1401 2018 sicut
1444 1990 1616 2031 oportet,
1659 1982 1807 2018 dicente
1839 1977 2022 2030 Apostolo
2051 1977 2161 2015 Rom.
2184 1977 2290 2015 Vnt.
2336 1977 2427 2016 26.:

1303 2032 1394 2084 quiri
1421 2046 1580 2070 oremus
1598 2063 1609 2081 ,
1651 2037 1752 2069 sicut
1785 2040 1963 2080 oportet,
2002 2033 2205 2067 nescimus
2223 2027 2247 2065 P
2289 2030 2397 2068 Adde
2415 2061 2427 2080 ,

1304 2084 1587 2124 intolerabilem
1617 2099 1694 2124 esse
1723 2097 1854 2122 eorum
1885 2084 2255 2135 praesumptionem,
2286 2086 2355 2136 qui
2376 2086 2426 2124 si-

1302 2139 1344 2176 bi
1376 2139 1628 2190 persuadent,
1677 2151 1783 2190 posse
1812 2151 1849 2174 se
1879 2150 2011 2176 veram
2041 2136 2334 2187 Scripturarum
2365 2139 2427 2177 in·=

1303 2190 1555 2241 telligeutiam
1586 2192 1736 2243 assequi
1766 2192 1845 2228 sine
1875 2190 2094 2241 magisterio
2123 2188 2320 2228 Pastorum
2339 2221 2350 2240 ,
2390 2191 2425 2228 δε
2452 2232 2455 2234 .

1303 2244 1512 2283 Dostorum
1531 2275 1541 2293 ,
1571 2257 1664 2297 quos
1693 2253 1782 2282 teste
1803 2241 1943 2280 SanRO
1962 2241 2081 2280 Paulo
2101 2242 2241 2294 Ephes.
2266 2243 2334 2282 IV.
2362 2258 2425 2285 Η.

1302 2298 1417 2337 Deus
1446 2297 1557 2336 nobis
1586 2297 1713 2346 dedit,
1743 2310 1795 2335 ne
1824 2299 1950 2334 simus
1977 2295 2129 2346 parvuli
2148 2295 2420 2348 flufiuantes,

1302 2355 1351 2394 (⁴2⁴
1381 2351 1723 2404 circumferamur
1749 2354 1862 2390 omni
1891 2358 2004 2389 vento
2033 2346 2225 2387 ‹loffrinae
2243 2376 2254 2388 .

1667 2456 1954 2498 CAPUT
2011 2455 2061 2495 V.

1384 2566 1729 2616 Demonstratur,
1759 2564 1987 2604 humanam
2016 2567 2217 2604 rationem
2248 2576 2335 2604 esse

1462 2635 1542 2660 non
1570 2635 1684 2674 posse
1712 2618 1938 2660 sacrarum'
1960 2619 2259 2670 Scriptus-arum

1714 2678 1973 2724 interpretem
1989 2697 2001 2710 .

1353 2784 1419 2836 9⁷⁶>-
1438 2730 1507 2823 In
1538 2781 1735 2834 religionis
1764 2779 1914 2832 negotio
1942 2792 2032 2816 suus
2060 2791 2137 2817 esse
2166 2777 2278 2817 debet
2307 2779 2428 2817 ratio-

1303 2839 1344 2876 ni
1375 2839 1503 2875 locus:
1533 2837 1658 2875 danda
1689 2845 1816 2874 tamen
1847 2842 1899 2871 est
1928 2846 2073 2884 opera,
2119 2847 2166 2870 ne
2198 2834 2284 2872 liaec
2311 2833 2421 2870 debi-

1304 2902 1357 2930 tos
1386 2892 1460 2930 sibi
1491 2892 1585 2929 fines
1615 2890 1799 2928 audacius
1829 2886 2186 2940 praetergrediatur,
2225 2885 2259 2922 8(
2287 2900 2420 2938 supre-

1304 2960 1367 2984 ma
1387 2947 1533 2985 divinae
1555 2943 1793 2984 revelationis
1824 2955 1910 2993 Jura
1931 2940 2046 2978 laedat
2063 2967 2073 2978 .
2104 2939 2322 2988 Videlicet,
2354 2955 2420 2979 ne-

1303 3001 1396 3038 dum
1428 3000 1606 3046 licitum,
1654 2997 1716 3036 sed
1750 2995 1859 3047 plane
1897 2994 2148 3033 utilissimum
2185 2996 2326 3046 cuique
2369 3000 2423 3031 est

1303 3055 1447 3092 motiva
1463 3065 1598 3092 nostrae
1615 3050 1881 3089 credibilitatis
1898 3049 2110 3100 expendere
2128 3064 2138 3095 ;
2168 3058 2205 3086 at
2220 3057 2420 3102 postquam

1302 3109 1543 3146 evidentibus
1564 3105 1796 3157 argumentis·
1811 3102 1975 3141 convieti
1997 3104 2185 3140 fuerimus
2203 3133 2213 3151 ‚
2244 3102 2419 3138 divinam

1302 3162 1341 3199 in
1370 3163 1488 3200 sacris
1531 3161 1663 3198 litteris
1707 3159 1893 3196 contineri
1938 3156 2239 3201 revelationem,
2287 3152 2419 3190 nullus

1302 3215 1473 3268 amplius
1504 3214 1639 3253 rationi
1672 3213 1719 3250 ad
1748 3213 1970 3265 dogmatum
2001 3220 2175 3256 naturas,
2206 3218 2418 3259 causasque

1301 3269 1609 3321 investigandas,
1640 3267 1971 3318 discutiendasque
2003 3264 2106 3301 locus
2135 3272 2209 3309 est,
2248 3261 2313 3299 secl
2341 3273 2418 3296 θεε-

1300 3336 1345 3362 ca
1370 3323 1456 3364 fide.
1480 3322 1577 3363 illud
1597 3334 1708 3361 omne
1737 3322 1890 3362 credere
1910 3325 2083 3372 oportet,
2112 3316 2215 3370 quod
2243 3315 2417 3404 constite-

2311 3379 2344 3405 ri
