2564 3706
942 96 1022 145 ms
1059 96 1477 147 PROVIDENTIA
1502 133 1512 146 .
2270 116 2324 170 50

73 195 110 223 c.
136 183 197 225 ιδ.
224 183 241 232 )
271 189 340 221 aut
369 179 445 219 vult
480 177 615 218 tollere
645 178 761 217 mala
779 209 790 228 ‚
833 179 882 221 <9¹
909 192 991 218 non
1031 191 1190 232 potest3

76 247 147 276 aut
175 245 326 286 potest,
355 235 405 274 (9⁶
434 246 516 271 non
545 233 650 271 vult:
681 243 750 270 aut
779 247 907 285 neque
936 236 1035 284 malt,
1065 249 1191 288 neque

73 299 219 341 potest,
249 296 320 326 aut
348 288 450 334 vult,
479 287 529 327 Εὐ·
556 295 710 336 potest.
740 286 782 324 Si
811 288 907 336 vult,
937 289 986 328 f&
1016 302 1096 326 non
1125 303 1190 339 po-

75 351 172 391 test,
215 340 416 379 imbecillis
446 348 525 387 est,
567 339 670 389 quod
699 343 739 376 in
768 339 904 378 Deum
946 355 1026 380 non
1055 343 1189 380 cadit.

73 396 116 435 Si
143 402 268 446 potest
285 424 296 443 ‚
324 394 376 434 ’ἴθ’
396 405 477 430 ηοη
497 393 573 430 vult
590 423 601 441 ,
631 392 803 442 invidus,
833 394 933 444 quod
952 408 1063 446 oeque
1093 398 1190 433 alie-

71 447 171 487 rium
199 456 258 486 est
277 460 305 485 a
325 446 438 484 Deo.
468 445 510 484 Si
531 458 658 497 neque
686 447 783 494 vult,
814 461 938 499 neque
967 457 1111 500 potest,
1141 449 1189 489 ὠ

71 501 224 540 invidus
253 501 309 541 (9²
351 499 580 547 imbecillis,
625 498 802 551 adeoque
844 515 924 539 non
972 500 1104 539 Deus.
1149 502 1191 539 Si

70 556 173 603 vult,
202 553 251 595 ἕν
279 562 427 604 potest,
457 551 560 603 quod
588 553 715 591 solum
735 553 823 591 Deo
852 559 1030 592 convenit
1048 585 1058 603 ‚
1089 555 1193 593 imile

72 621 166 662 ergo
193 616 284 645 sunt
313 607 428 644 mala
458 604 547 656 (a)?

127 662 218 700 225.
248 659 361 712 Resp.
390 658 558 698 Minime
575 672 640 698 uos
669 660 815 699 turbari
835 670 1006 714 oportere
1028 661 1097 699 bac
1118 661 1192 698 dif-

63 712 268 763 ficultate,
298 726 386 766 quae
417 725 489 750 nou
516 711 673 751 aliunde
701 715 843 763 oritur,
874 728 991 766 quam
1021 727 1063 751 ex
1087 717 1192 765 igno-

69 769 195 807 rantia
221 766 460 818 judiciorum
489 766 589 810 Dei3
632 779 798 818 quorum
833 767 1016 818 abyssum
1046 768 1075 803 si
1107 780 1192 818 per-

68 822 212 860 scutari
235 819 372 859 liceret
393 849 404 867 ,
433 820 635 872 perspicue
664 819 881 857 videremus
901 820 1190 870 permissionem

69 874 266 913 malorum
294 873 342 912 ad
370 872 514 911 divina:
547 872 793 924 providentiae
829 872 1001 909 ordinem
1031 873 1191 909 omniuo

67 928 280 980 pertinere.
309 925 362 964 Ut
390 927 494 964 enim
523 925 564 964 S.
595 923 672 962 Th.
702 925 731 961 Ι.
754 923 795 961 Ρ.
824 937 863 975 q.
887 933 951 962 22.
981 933 1051 962 art.
1075 938 1112 962 2.
1140 926 1190 963 ad

67 992 109 1019 2.
136 980 232 1019 bene
261 979 462 1026 observat,
500 975 873 1031 aliter-loquendum
902 986 956 1016 est
985 977 1031 1014 de
1062 979 1189 1029 provi-

65 1046 150 1071 sore
177 1032 440 1084 particulari,
486 1029 597 1068 aliter
625 1028 671 1066 de
710 1031 904 1080 provisore
944 1032 1190 1069 universali.

67 1085 140 1124 Ille
167 1094 315 1124 tenetur
344 1083 559 1136 impedire,
603 1080 664 1120 vel
693 1094 889 1120 removere
931 1082 1125 1132 defestus,
1156 1084 1190 1119 ἃ

71 1138 176 1178 mala
200 1138 254 1177 ab
280 1150 352 1186 eo,
394 1136 497 1188 quod
526 1135 608 1186 ejus
637 1148 741 1173 curae
770 1135 972 1186 subditur,
1001 1147 1188 1189 quantum

64 1200 211 1244 potest,
253 1191 345 1242 quia
374 1191 525 1227 nonnisi
554 1187 659 1226 illius
684 1202 820 1228 ‘curam
849 1191 972 1242 gerit.
1015 1189 1189 1229 Provisor

67 1254 199 1284 autem
225 1242 430 1297 generalis
454 1242 643 1294 permittit
672 1240 822 1294 aliquos
850 1242 1018 1281 defectus
1047 1257 1124 1282 esse
1154 1246 1192 1283 in

66 1300 186 1336 rebus
228 1294 554 1349 particularibus,
595 1308 647 1333 ne
689 1296 924 1347 impediatur
964 1297 1111 1335 bouum
1139 1307 1193 1335 to-

64 1353 170 1390 tius:
216 1363 261 1387 eo
290 1349 368 1387 fere
396 1347 536 1402 ραᾶο,
580 1361 661 1402 quo
686 1348 809 1400 piaor
837 1349 1034 1392 coloribus
1070 1351 1193 1389 admi-

62 1413 147 1443 scet
174 1402 354 1451 umbras,
378 1404 476 1454 quia
506 1403 621 1442 etiam
642 1403 723 1440 istae.
753 1411 838 1441 sunt
859 1404 905 1442 ad
926 1402 1085 1456 piCiurae
1106 1404 1193 1457 pul·

71 1456 332 1496 chritudiuem
351 1457 573 1494 necessariae
589 1481 601 1494 .
630 1454 741 1494 Deus
755 1460 1006 1505 omnipotens
1023 1487 1033 1505 ,
1065 1458 1191 1510 inquit

66 1510 115 1549 S.
146 1511 246 1561 Aug.
275 1510 315 1546 in
336 1506 569 1546 Enchzrz'dio
597 1522 633 1546 c.
655 1521 715 1546 11.
747 1509 827 1558 (T.
849 1510 950 1559 VI.)
978 1510 1087 1546 nullo
1107 1524 1190 1548 mo-

69 1562 119 1601 do
147 1567 295 1601 sineret
323 1561 484 1613 aliquod
513 1561 669 1599 malum
699 1574 786 1599 esse
815 1566 856 1599 in.
875 1562 1053 1614 operibus
1082 1568 1189 1611 suis,

68 1620 149 1654 nisi
177 1627 298 1668 usque
326 1615 430 1654 adeo
457 1623 560 1652 esset
586 1617 836 1663 omnipotens
853 1645 863 1661 ‚
886 1617 942 1654 v<92
971 1615 1093 1652 bonus
1110 1646 1120 1664 ,
1150 1625 1191 1653 ut

73 1668 330 1722 benefaceret
357 1672 483 1706 etiam
512 1665 562 1704 de
591 1666 739 1703 malis.
771 1667 872 1704 Hinc
900 1667 945 1704 de
964 1668 1077 1705 malis
1097 1682 1190 1720 quo-

65 1737 142 1776 que
170 1720 334 1772 intelligi
361 1728 510 1772 potest,
545 1719 648 1771 quod
676 1719 722 1756 de
751 1718 833 1756 Deo
862 1718 1061 1758 Psalmista
1088 1722 1190 1760 dice-

64 1776 157 1815 bat:
186 1777 327 1813 omnia
355 1777 536 1815 sero-iant,
555 1771 622 1809 tibi
639 1798 649 1810 .
679 1771 739 1809 Ps.
759 1771 938 1811 CXVIII.
968 1774 1096 1821 Quam
1125 1775 1190 1813 do-

64 1827 233 1868 strinam
274 1828 389 1867 tradit
429 1828 545 1873 etiam
573 1825 615 1865 S.
645 1825 723 1864 Th.
746 1838 783 1864 2.
806 1839 844 1865 2.
871 1840 941 1879 qu.
965 1828 1028 1879 73.
1059 1837 1127 1866 art.
1150 1828 1188 1874 4.

124 1933 218 1974 226.
246 1933 347 1973 Sane
375 1942 451 1973 tota
479 1932 702 1973 Judaeorum
731 1933 888 1972 historia
916 1933 1031 1987 plena
1060 1943 1113 1973 est
1141 1934 1188 1973 il-

67 1987 253 2028 lustribus
280 1987 468 2040 exemplis
503 1987 717 2035 honorum,
759 2001 850 2038 quae
880 1988 986 2026 Deus
1028 1989 1189 2040 sapienti

64 2055 136 2080 sua
164 2041 405 2094 providentia
431 2052 478 2077 ex
498 2038 700 2078 hominum
730 2040 902 2092 nequitia
930 2040 1089 2079 elicuit.
1120 2040 1193 2079 Tot

62 2093 258 2134 miracula
286 2093 462 2147 Moysis,
491 2092 763 2144 aliorumque,
785 2102 845 2131 *tot
872 2091 1044 2132 vistoriae
1073 2095 1192 2132 lsrae-

65 2148 254 2196 litarum,
282 2148 504 2200 punitiones
528 2145 724 2186 malorum
743 2175 755 2194 ,
781 2145 972 2185 bonorum
1001 2149 1194 2199 praemia,

64 2201 102 2238 ἃ
129 2200 210 2241 alia
237 2201 278 2240 id
303 2213 420 2252 genus
446 2201 557 2239 fuere
599 2199 746 2239 divinae
784 2201 1039 2251 >providentiae
1077 2215 1193 2253 opera

62 2268 118 2294 tx
145 2254 260 2294 malis
299 2253 501 2293 hominum
524 2253 687 2292 elicita.
729 2251 779 2291 Et
806 2262 849 2291 ut
891 2262 1013 2292 cetera
1049 2263 1193 2306 praete-

60 2321 204 2357 ream,
246 2308 435 2360 quidnam
463 2305 620 2358 majus,
667 2314 734 2344 aut
769 2305 1015 2345 excellentius
1043 2307 1191 2346 bonum

66 2361 189 2401 Verbi
218 2361 356 2401 Divini
397 2361 691 2408 incarnatione,
733 2373 778 2399 ac
813 2359 954 2398 Christi
988 2362 1190 2412 passione,

64 2415 114 2452 ἃ·
132 2413 280 2453 morte?
307 2415 357 2454 Et
386 2422 514 2453 tamen
542 2413 615 2452 hoc
644 2413 790 2451 bonum
819 2425 865 2450 ex
884 2412 989 2451 malo
1017 2415 1191 2452 omnium

62 2468 346 2506 nefandissimo
372 2468 588 2506 misericors
617 2465 723 2505 Deus
750 2466 886 2504 elicuit
916 2465 972 2517 (b)
991 2493 1002 2505 .

124 2533 217 2571 227.
244 2519 338 2557 lust.
373 2521 530 2570 primo.
570 2519 612 2557 S.
643 2518 719 2556 Th.
750 2520 908 2570 iri-Lib.
937 2520 968 2558 I.
1012 2520 1190 2559 Sentent.

66 2572 166 2613 Dist.
186 2572 332 2610 XLVI.
360 2585 427 2624 qu.
455 2584 488 2608 r.
518 2578 590 2608 art.
613 2569 651 2607 5.
681 2571 726 2607 ad
743 2570 783 2608 6.
813 2580 1012 2623 postquam
1041 2574 1192 2612 docuis-

66 2634 151 2676 set,
193 2625 373 2679 quaedarn
402 2637 481 2662 esse
510 2622 642 2671 mala,
683 2623 766 2661 sine
807 2623 949 2676 quihus
996 2627 1191 2666 universus

124 2768 172 2803 (α)
198 2763 298 2797 Hanc
323 2761 565 2797 difficultatem
590 2763 806 2809 proponebat
838 2763 944 2798 etiam
969 2763 1128 2800 Marcion
1157 2777 1193 2800 a·

71 2808 145 2855 pud
173 2809 435 2844 Tertullianum
461 2810 539 2847 Lib.
561 2812 602 2844 lt.
643 2819 764 2845 contra
803 2814 944 2845 eundem
968 2811 1082 2845 Illarc.
1111 2824 1140 2846 c.
1161 2814 1193 2847 5.

79 2854 214 2890 Eadem
240 2856 346 2889 fuisse
370 2857 486 2901 plnres
519 2857 566 2890 ita
593 2858 838 2902 perturbatos,
874 2868 912 2891 ut
936 2856 1194 2903 providentiam

75 2911 275 2947 negarent,
300 2901 406 2935 refert
432 2904 629 2937 Lactantius
655 2906 699 2938 de
726 2908 780 2938 ira
803 2903 874 2938 Dei
900 2916 929 2938 c.
952 2905 1026 2938 13..
1043 2926 1074 2936 ..
1099 2906 1195 2938 Mul-

77 2949 126 2982 tis
155 2957 294 2987 autem,
320 2951 352 2980 &
376 2949 587 2983 acutissimis
613 2950 724 2985 modis
753 2951 850 2984 illam
873 2959 1011 2990 versat,
1038 2953 1069 2982 &
1093 2959 1195 2994 urget

78 2993 208 3027 Bai—lius
234 2995 267 3027 in
294 2994 401 3026 variis
423 2996 510 3028 ‘locis
534 3007 691 3040 operum.
717 2996 919 3043 Christoph.
941 2997 1079 3030 Psaffius
1100 2997 1195 3030 Diss.

76 3042 106 3074 Ι.
134 3039 399 3075 Anti-Baliada
423 3051 541 3075 narrat
566 3054 608 3076 ex
633 3042 698 3076 fide
722 3044 797 3077 Jac.
824 3044 1010 3088 Basnagii,
1043 3043 1134 3076 inter
1159 3055 1196 3075 e-

74 3085 216 3132 jusdem
243 3086 338 3119 Baelii
366 3087 494 3131 scripta
518 3098 692 3134 repertam
717 3091 823 3123 fuisse
858 3103 924 3124 non
951 3091 1112 3134 exiguam
1139 3101 1196 3122 ar-

77 3142 327 3177 gumentorum
353 3133 611 3176 collectionem,
674 3136 776 3170 uibus
812 3136 1074 3181 providentiam>
1101 3134 1194 3168 divi-

78 3189 160 3211 mm
185 3188 340 3213 evertere
367 3178 581 3212 conabatur.
617 3148 792 3216 Ailversns
819 3184 965 3216 Baeliurn
1000 3192 1114 3216 tamen
1142 3182 1196 3214 in·-

78 3233 177 3268 tegra
202 3225 329 3269 prodiit
358 3227 576 3269 Scriptorum
600 3227 779 3270 phalanx,
820 3231 975 3274 fafiaque
1013 3238 1063 3262 est
1102 3229 1192 3262 inter

78 3271 172 3303 viros
187 3269 396 3305 ‹ioeisaimos
418 3274 518 3315 longa
539 3283 642 3305 serrae
660 3275 914 3319 reciprocati03
939 3287 1089 3320 quarum
1109 3287 1190 3308 cou-

80 3318 334 3353 troversiarum
367 3318 552 3353 historiam
587 3318 729 3355 exhibet
754 3320 956 3368 Christoph.
982 3322 1127 3356 Wolfius
1154 3322 1190 3354 in

1259 182 1506 235 impersechis
1525 192 1617 223 esset
1634 215 1644 233 ,
1675 185 1744 224 illa
1765 187 1910 227 scilicet
1928 220 1938 239 ,
1969 192 2016 230 ad
2036 206 2123 246 quae
2144 192 2269 247 major
2288 207 2378 235 con-

1258 238 1428 288 sequitur
1449 236 1654 288 perfectio,
1685 239 1744 290 cuj
1755 243 1901 279 usmodi
1932 254 1984 282 est
2005 245 2275 287 elementorum
2298 264 2379 289 cor-

1259 290 1414 341 ruptio,
1464 290 1561 329 uude
1591 291 1760 329 nobilior
1802 296 2008 335 mixtorum
2038 301 2163 339 forma
2192 305 2376 356 emergit,

1259 344 1311 380 ita
1340 342 1490 380 subdit:
1519 343 1707 394 qttcecltmz
1737 359 1825 383 vero
1845 349 1959 386 mala,
1983 362 2100 401 sunt,
2129 368 2217 404 (fuce
2246 360 2381 395 sinon

1260 405 1391 433 essent
1409 425 1420 444 ,
1449 401 1676 434 universum
1705 398 1914 450 perjet‘iius
1945 414 2047 440 esset
2064 431 2073 442 .
2091 432 2099 443 .
2122 411 2245 445 .sicut
2273 424 2377 459 prae-

1259 453 1370 498 cipue
1399 458 1459 486 est
1488 454 1528 487 in
1557 450 1678 488 malis
1707 454 1859 503 culpae.
1879 480 1889 491 .
1907 481 1916 491 .
1939 453 2052 493 Unde
2094 463 2123 494 si
2154 463 2281 500 nullus
2311 464 2377 502 lio-

1260 515 1325 539 mo
1353 513 1585 553 peccasset,
1622 508 1847 543 universum
1876 521 2001 559 genus
2043 509 2263 551 humanum
2294 531 2378 555 me—

1259 555 1332 592 lius
1349 554 1462 605 foret
1491 557 1578 597 &c.
1606 559 1704 596 Cum
1726 572 1813 611 ergo
1830 560 1931 600 mala
1954 561 2080 614 culpa:
2111 565 2158 602 ad
2181 567 2377 616 perfestio-

1259 622 1348 645 nem
1381 611 1547 648 universi
1577 624 1652 649 nou
1679 612 1872 664 spetstent,
1915 614 2025 653 nulla
2055 630 2130 654 esse
2172 619 2378 672 deberent,

1259 662 1290 697 si
1321 663 1485 700 mundus
1515 665 1645 702 divina
1677 675 1868 717 regeretur
1897 669 2157 719 providentia.

1317 714 1408 752 228.
1440 715 1552 769 Resp.
1582 718 1622 755 S.
1654 717 1846 757 ‘rhomam
1875 721 1930 758 ibi
1968 720 2075 773 loqui
2106 724 2152 761 de
2181 726 2378 776 perfeetio-

1260 779 1307 805 ne
1337 769 1532 817 universi,
1564 783 1637 809 non
1666 773 1910 811 consideratis
1940 773 2088 813 ultimis
2117 777 2262 816 divinae
2293 795 2379 833 pro·

1258 819 1442 857 videntiae
1472 821 1638 872 finibus,
1668 826 1730 863 sed
1760 827 1994 866 considerata
2022 832 2285 869 tantummodo
2314 833 2380 871 ho-

1259 872 1411 909 miuum
1434 875 1668 924 perfectione
1685 908 1695 926 ,
1725 879 1825 931 quod
1863 881 1998 932 procul
2032 882 2152 921 dubio
2180 884 2306 934 major
2325 901 2380 926 ee-

1258 932 1310 964 set
1338 927 1446 963 omni
1483 927 1633 966 vsecluso
1660 941 1816 982 peccato
1834 958 1844 970 .
1887 934 1996 972 Hauc
2039 949 2116 974 esse
2145 937 2186 975 S.
2219 938 2380 978 Tliomae

1257 987 1426 1015 mentem
1456 988 1555 1030 patet
1586 991 1666 1019 tum
1698 997 1742 1021 ex
1772 985 1853 1035 ejus
1883 988 2009 1025 verbis
2040 987 2189 1028 allatis:
2233 996 2267 1030 si
2296 994 2383 1031 nul-

1262 1031 1322 1068 lus
1352 1029 1469 1069 homo
1496 1045 1701 1083 peccasset
1720 1066 1729 1083 ,
1759 1042 1983 1076 universum
2002 1055 2127 1093 gemus
2156 1043 2379 1084 humanum

1264 1084 1405 1121 melius
1418 1084 1537 1135 joret
1558 1101 1571 1123 .·
1601 1096 1681 1125 tum
1713 1089 1833 1127 multo
1861 1093 1980 1143 magis
2002 1107 2046 1130 ex
2062 1101 2247 1136 constanti
2277 1099 2379 1150 ejus·

1256 1137 1344 1174 dem
1376 1138 1552 1190 Angelici
1581 1139 1777 1189 doetrina,
1826 1157 1902 1192 qua
1932 1148 2071 1196 saepius
2100 1152 2260 1200 repetit,
2301 1166 2381 1190 ma-

1259 1190 1298 1228 la
1326 1204 1394 1243 per
1423 1191 1612 1230 accidens
1641 1195 1688 1232 ad
1713 1194 1990 1246 perfefflouem
2021 1201 2155 1238 muudi
2187 1202 2381 1253 spestare,

1260 1253 1447 1295 quatenus
1475 1259 1520 1283 ex
1551 1247 1643 1299 ipsis
1674 1247 1778 1285 Deus
1806 1263 1874 1286 sua
1910 1250 2102 1300 bonitate,
2146 1253 2179 1290 8<
2209 1258 2383 1307 omnipo-

1261 1299 1379 1335 tentia
1407 1297 1556 1350 majora
1598 1300 1702 1338 elicit
1733 1301 1858 1348 boua3
1904 1304 2001 1341 uude
2031 1307 2145 1344 etiam
2187 1308 2281 1347 dicit
2311 1310 2384 1348 ibi-

1261 1350 1347 1388 dem
1365 1381 1376 1399 ,
1419 1352 1523 1391 mala
1552 1366 1627 1392 non
1657 1368 1735 1392 esse
1764 1357 1920 1407 quidem
1963 1357 2242 1409 persestiouum
2286 1376 2383 1400 cizic-

1261 1416 1331 1441 sas
1353 1426 1383 1451 ‚-
1407 1418 1484 1443 esse
1513 1415 1639 1446 tamen
1668 1413 1925 1454 occasionem
1961 1411 1996 1447 8(
2023 1421 2094 1450 art.
2124 1416 2289 1466 praeced.
2320 1415 2383 1454 bo-

1262 1469 1359 1493 num
1375 1467 1432 1494 est
1449 1488 1459 1505 ‚
1489 1460 1614 1511 iuquit
1630 1490 1640 1508 ,
1671 1462 1787 1499 mala
1807 1475 1893 1501 esse
1913 1469 2147 1503 occasiones
2163 1465 2352 1507 bonorum
2366 1485 2380 1513 ⁴.·

1261 1509 1332 1547 sed
1361 1511 1475 1548 malci
1505 1526 1592 1550 esse
1621 1515 1876 1563 simpliciter,
1906 1529 1986 1553 non
2015 1528 2072 1554 est
2102 1518 2245 1557 bonum
2263 1548 2273 1559 .

1318 1576 1408 1614 229.
1439 1563 1553 1602 lustit.
1583 1567 1769 1604 secundo.
1812 1568 1916 1606 Deus
1946 1570 1976 1606 si
2007 1570 2226 1610 hominibus
2255 1577 2384 1627 provi«³

1262 1615 1391 1662 deret,
1421 1626 1485 1653 aut
1515 1619 1560 1654 iis
1589 1631 1663 1657 non
1683 1620 1871 1658 debuisset
1893 1621 2061 1661 liberum
2081 1626 2286 1665 arbitrium
2314 1631 2382 1666 tri·

1259 1666 1402 1716 buere,
1446 1669 1546 1706 unde
1588 1683 1647 1708 eos
1689 1672 1736 1709 ad
1766 1673 1913 1710 maium
1956 1675 2140 1715 abusuros
2182 1683 2382 1731 cognovit,

1259 1729 1323 1758 aut
1351 1733 1412 1758 eos
1441 1721 1606 1772 talibus,
1636 1738 1679 1761 ac
1700 1726 1809 1763 tantis
1837 1727 2027 1777 praesidiis
2057 1732 2234 1779 munire,
2265 1743 2305 1769 ut
2335 1733 2383 1771 il-

1257 1771 1296 1810 lo
1326 1787 1399 1812 uon
1429 1774 1698 1815 abuterentur.
1743 1777 1785 1815 Si
1814 1778 2018 1828 medicus,
2048 1783 2246 1833 inquiebat
2275 1787 2381 1824 Cotta

1260 1829 1274 1877 (
1305 1828 1407 1879 apud
1436 1828 1660 1867 Ciceronem
1680 1830 1770 1868 Lib.
1792 1831 1859 1869 III.
1890 1831 1938 1870 sle
1965 1843 2053 1871 nat.
2072 1833 2195 1874 Deor.
2225 1850 2260 1874 c.
2280 1839 2344 1877 51.
2367 1839 2380 1886 )

1242 1883 1360 1917 sciat
1389 1893 1479 1918 eum
1515 1892 1712 1934 cegrotum
1736 1914 1746 1932 ,
1789 1888 1854 1935 qui
1895 1900 2036 1937 passus
2066 1892 2116 1925 sit
2158 1894 2289 1928 “inum
2319 1906 2382 1929 su-

1257 1945 1390 1981 mere,
1413 1940 1613 1973 meracius
1633 1947 1858 1976 sumturum
1872 1969 1882 1987 ,
1903 1945 2119 1992 statimque
2138 1948 2355 1992 periturum
2369 1976 2379 1993 ,

1259 1999 1418 2039 magna
1447 1992 1496 2026 sit
1525 1993 1567 2025 ιή
1596 1990 1739 2040 culpa,·
1781 1997 1838 2029 sic
1869 2002 1999 2032 vestra.
2028 1999 2107 2032 ista
2135 1997 2382 2046 procidentia

1260 2039 1588 2090 reprehendenda.
1606 2073 1616 2092 ,
1647 2057 1734 2095 quoe
1763 2048 1965 2084 rationem
1995 2048 2145 2086 dederit
2175 2055 2257 2100 eis,
2287 2065 2382 2104 quos

1257 2097 1417 2131 sciverit
1444 2107 1496 2133 ea
1523 2109 1704 2146 perverse
1721 2128 1731 2146 ‚
1761 2099 1810 2138 (ν’
1839 2098 2012 2148 improbe
2042 2114 2180 2140 usuros
2201 2130 2213 2141 .

1319 2147 1410 2185 250.
1442 2148 1554 2201 Resp.
1584 2163 1675 2189 cum
1704 2150 1745 2189 S.
1776 2151 1927 2191 Thoma
1956 2155 1995 2191 in
2025 2155 2117 2192 Lib.
2139 2156 2187 2194 ΙΙ.
2219 2155 2382 2196 Semen.

1262 2197 1363 2238 Dist.
1397 2200 1540 2240 XLIV.
1569 2217 1637 2256 qu.
1677 2218 1710 2242 1.
1739 2214 1809 2243 art.
1837 2219 1871 2244 1.
1911 2209 2121 2258 potentiam
2168 2211 2382 2260 peccandi,

1261 2266 1349 2303 quae
1378 2263 1431 2292 est
1458 2256 1499 2292 in
1528 2255 1652 2294 libero
1671 2258 1850 2307 arbitrio,
1880 2269 2067 2310 quantum
2095 2261 2143 2299 ad
2162 2262 2351 2301 defectum
2370 2293 2381 2312 ‚

1261 2319 1335 2344 nou
1365 2320 1441 2345 esse
1470 2307 1615 2357 aDeo,
1647 2311 1709 2348 sed
1739 2324 1784 2348 ex
1812 2324 1857 2348 eo
1884 2315 2107 2363 provenire,
2135 2315 2237 2366 quod
2266 2316 2381 2354 homo

1261 2368 1313 2396 est
1341 2369 1488 2399 creatus
1502 2375 1547 2399 ex
1568 2362 1714 2409 nihilo.
1743 2364 1853 2402 Deus>
1877 2366 1979 2403 enim
2011 2365 2189 2404 liberum,
2209 2377 2382 2407 nostrum

1260 2411 1465 2452 arbitrium
1494 2416 1685 2454 ordinavit
1714 2418 1761 2455 ad
1791 2418 1965 2455 honum:
1994 2432 2039 2456 ex
2060 2433 2103 2456 eo
2122 2429 2248 2458 autem
2277 2423 2381 2473 quod

1257 2466 1305 2502 sit
1334 2479 1379 2502 ex
1409 2467 1556 2516 nihilo,
1586 2478 1703 2520 potest
1731 2469 1780 2508 ab
1810 2469 1879 2508 hoc
1908 2471 2038 2510 ordine
2068 2472 2257 2512 deficere.
2296 2474 2382 2513 Pos-

1259 2526 1311 2555 set
1342 2521 1472 2573 utique
1503 2521 1605 2560 Deus
1633 2524 1755 2574 gratia
1784 2537 1851 2561 sua
1879 2523 2026 2563 efficaci
2058 2526 2107 2564 ita
2146 2536 2287 2565 nostras
2317 2541 2382 2566 vo-

1258 2569 1421 2611 luntates
1451 2573 1663 2624 continere,
1693 2585 1734 2613 ut
1764 2577 1905 2629 integra
1936 2591 2067 2615 earum
2098 2579 2271 2618 libertate
2292 2594 2378 2632 per-

1259 2635 1432 2665 manente
1460 2641 1663 2681 nunquam
1694 2643 1715 2669 a
1741 2628 1842 2668 bono
1871 2628 2133 2677 desseCierent3
2165 2632 2227 2671 sed
2255 2633 2295 2671 id
2324 2634 2399 2671 ef·'

2278 2685 2326 2724 fi-

1261 2779 1324 2803 suo
1343 2766 1456 2801 Tm&-
1483 2768 1537 2800 cui
1565 2767 1709 2802 titulus:
1737 2768 2016 2803 Manichaeismus
2042 2778 2122 2804 ante
2141 2770 2380 2815 Manichaeos,

1263 2820 1305 2848 (9⁹
1333 2819 1369 2848 in
1396 2815 1666 2848 christianismo
1690 2817 1884 2860 redivivus.

1310 2862 1356 2900 (b)
1382 2859 1474 2893 Idem
1501 2861 1534 2892 S.
1559 2861 1649 2904 Aug.
1676 2862 1716 2893 L.
1737 2863 1799 2895 Xt.
1825 2863 1869 2895 cle
1899 2861 2029 2896 Genesi
2054 2865 2101 2896 acl
2125 2865 2261 2898 literam
2290 2877 2319 2899 c.
2345 2876 2381 2909 9.

1264 2918 1298 2939 n.
1321 2916 1373 2939 12.
1398 2910 1410 2943 (
1439 2906 1531 2938 Tim.
1550 2907 1606 2939 ΙΙΙ.
1634 2913 1645 2945 )
1673 2907 1761 2939 hanc
1788 2909 1899 2952 ipsam
1935 2910 2124 2942 materiam
2161 2922 2302 2944 versans
2327 2911 2381 2945 di-

1265 2952 1388 2985 cebat:
1426 2952 1495 2984 Cur
1519 2965 1599 2996 ergo
1627 2965 1684 2985 eos
1713 2958 1724 2990 (
1750 2952 1844 2986 Deus
1870 2959 1882 2990 )
1907 2959 2058 2996 creavit,
2083 2969 2164 2998 quos
2190 2959 2298 2991 malos
2316 2958 2380 3001 su-

1266 3007 1359 3031 turos
1385 3009 1461 3031 esse
1487 2999 1717 3040 praesciebat!
1749 2998 1840 3043 Quia
1866 3003 1957 3033 sicut
1981 3003 2137 3043 praeuiclit
2157 3024 2168 3042 ,
2193 3004 2275 3046 quid
2300 3006 2378 3037 malz

1265 3053 1383 3077 essent
1407 3044 1538 3086 sac—ruri
1554 3066 1566 3084 ‚
1605 3048 1657 3077 sic
1681 3049 1784 3078 etium
1808 3048 1966 3089 praevidit
1989 3050 2032 3080 de
2057 3050 2158 3082 malis
2187 3050 2299 3092 saliis
2325 3062 2379 3082 eo-

1265 3103 1335 3123 rum
1361 3092 1443 3132 quid
1468 3091 1544 3123 boni·
1571 3099 1665 3124 esset
1690 3095 1766 3134 ipse
1780 3091 1961 3136 fai‘lurus.
2006 3094 2051 3126 Et
2077 3095 2182 3139 capit.
2208 3107 2258 3127 10.
2285 3107 2378 3127 num.

1268 3137 1321 3169 13.
1351 3137 1424 3169 Sed
1439 3147 1584 3179 posset,
1610 3141 1787 3182 inquiunt,
1812 3142 1915 3172 etiam
1942 3143 2091 3183 ipsorum
2117 3138 2320 3174 voluntatem
2342 3144 2376 3172 in

1264 3183 1379 3216 bonnm
1405 3191 1599 3217 convertere
1618 3205 1630 3224 ,
1654 3187 1807 3227 quoniam
1832 3189 2048 3230 omnipotens
2061 3195 2138 3220 est.
2166 3185 2287 3219 Posset
2303 3187 2379 3228 pla-

1263 3242 1303 3262 ne
1322 3252 1329 3260 .
1358 3229 1426 3261 Cur
1451 3242 1534 3273 ergo
1559 3244 1622 3264 non
1640 3231 1738 3274 fecit
1754 3240 1769 3262 ,θ
1795 3235 1873 3274 quia
1898 3235 2030 3266 noluit·
2060 3233 2128 3266 Cur
2154 3234 2301 3265 noluerit
2319 3237 2379 3274 pe-

1258 3288 1317 3308 nes
1347 3278 1455 3318 ipsum
1481 3285 1557 3312 est.
1597 3276 1766 3313 Debemus
1792 3282 1880 3312 enim
1906 3292 1969 3313 non
1996 3281 2072 3322 plns
2101 3289 2218 3318 sapere
2236 3296 2248 3316 ‚
2286 3289 2378 3322 quam

1258 3329 1393 3364 oportet
1419 3333 1556 3366 sapere.
