2504 3710
760 309 1642 389 DISSERTATIO‘
1712 315 1758 386 1.

358 485 417 531 In
456 500 546 547 qua
581 483 957 537 demonstratur,
1009 484 1165 541 Deum
1204 497 1326 536 esse,
1366 479 1525 527 omnia
1560 477 1619 524 ab
1653 480 1750 540 ipso
1772 482 1930 542 fixisse
1964 493 2150 543 creola,

420 580 475 608 ac
504 571 725 625 perpeluo
761 556 1047 613 conservari,
1083 566 1222 620 atque
1255 555 1356 619 ejus
1379 558 1675 620 providentia
1710 561 2062 610 adminzlrtmre'.

169 762 202 786 r.
235 695 390 787 Reae
418 746 630 786 observavit
650 745 690 784 S.
713 743 879 781 'Thomas
900 743 944 780 L.
967 742 996 780 l.
1026 740 1076 780 <le
1094 744 1237 780 verim-

125 806 163 835 re
194 801 401 839 ctztlzolt'cae
431 800 646 851 Religionis
683 805 822 835 contra
864 796 1032 848 gentiles
1061 808 1096 834 ο.
1126 808 1164 847 9.
1195 797 1235 833 in

73 848 79 853 i
118 865 248 892 rernm
278 853 597 905 Tlieologicarum
627 849 845 888 t1·a&atione
876 851 1001 901 primo
1039 852 1150 901 quasi
1178 857 1231 886 to·

117 906 191 945 tius
210 909 332 960 operis
352 902 953 954 necessart'umfimclamentum
967 932 977 950 ,
998 902 1230 940 demonstra·

117 960 151 996 ri
193 969 363 1012 oportere
393 959 519 997 Deum
563 971 668 1003 esse;
712 956 783 994 hoc
813 957 917 994 enim
962 969 1039 994 non
1070 955 1227 1003 habito,

115 1012 215 1049 nihil
246 1025 395 1063 prorsus
424 1011 468 1048 de
497 1010 609 1050 rebus
629 1011 770 1048 divinis
790 1008 897 1062 loqui
927 1022 1125 1062 possumus
1149 1038 1160 1058 ‚
1192 1017 1231 1047 ut

114 1066 273 1116 proinde
303 1073 377 1102 tota
404 1063 594 1116 theologia
622 1063 799 1102 tollatur.

170 1131 206 1155 2.
237 1118 402 1155 Nomine
444 1126 573 1155 autem
603 1117 703 1165 Dei,
751 1118 875 1169 pergit
904 1116 1049 1155 ibidem
1080 1115 1121 1154 S.
1150 1115 1229 1154 Do-

112 1167 191 1207 ‹stor
220 1185 307 1222 cap.
344 1184 403 1208 10.
435 1171 474 1207 id
504 1169 780 1223 intelligimus,
810 1184 886 1223 quo
914 1169 1040 1218 majus
1070 1169 1228 1221 cogitari

114 1236 187 1261 non
217 1232 362 1276 potest,
400 1237 466 1261 seu
495 1237 566 1262 ens
595 1238 622 1261 a
651 1227 806 1274 seipso,
849 1224 1020 1276 adeoque
1050 1235 1226 1270 summe,

112 1277 147 1312 ἃ
184 1278 341 1316 omnino
380 1278 664 1326 necessarium,
722 1277 881 1315 infinitis
927 1275 1227 1328 perfe&i011ibiis

112 1330 462 1369 cumulatissimum
480 1361 491 1380 ,
520 1331 698 1384 quodque
728 1332 854 1383 prima
881 1338 968 1379 est,
997 1337 1110 1382 atque
1140 1331 1227 1368 uni-

111 1383 268 1422 versalis
296 1386 473 1421 omnium
503 1397 631 1422 rerum
660 1398 795 1422 causa.
996 1402 1005 1404 r

172 1437 211 1475 5.
240 1437 321 1484 Qui
342 1438 389 1475 ad
409 1445 556 1475 tantum
578 1438 782 1489 impietatis
802 1436 955 1476 culmen
977 1436 1226 1489 perveniunt,

111 1497 151 1527 ut
181 1489 250 1527 hoc
279 1503 346 1527 ens
375 1491 531 1527 existere
559 1499 718 1541 negent,
750 1487 857 1530 asan
876 1503 1000 1540 graeca
1030 1502 1121 1527 voce
1135 1502 1227 1526 non-

108 1551 326 1594 cuparum,
370 1541 442 1578 hoc
471 1551 523 1579 est
551 1546 638 1579 sine
666 1541 754 1578 Deo
772 1566 782 1578 .
829 1541 993 1592 Triplex
1022 1551 1148 1578 autem
1180 1539 1227 1578 il·-

107 1593 234 1632 lorum
264 1594 394 1632 classis
422 1594 608 1646 distingui
636 1593 754 1632 solet.
797 1592 838 1630 Si
868 1594 937 1645 qui
973 1595 1078 1631 enim
1112 1603 1227 1641 sunt,

105 1650 176 1699 qui
206 1648 340 1685 mentis
368 1647 569 1694 tarditate,
598 1655 663 1683 aut
685 1646 907 1683 incredibili
937 1658 1090 1695 prorsus
1120 1647 1224 1683 inco-

106 1702 262 1752 gitantia
291 1700 419 1738 Deum
459 1712 538 1737 esse
580 1700 779 1750 ignorent,
825 1697 864 1735 hi
902 1695 1009 1735 athei
1050 1701 1226 1750 negativi

107 1753 379 1805 appellantur5
408 1765 501 1805 quos
529 1761 653 1790 tamen
684 1753 780 1789 inter
810 1751 980 1789 homines
1010 1752 1150 1788 ratione
1182 1765 1226 1787 u-

106 1815 224 1843 tentes
253 1806 380 1844 nullos
409 1819 486 1843 esse
515 1805 707 1844 arbitror.
738 1805 815 1852 Qui
844 1805 972 1843 Deum
1003 1805 1051 1842 ab
1081 1802 1167 1841 aliis
1188 1818 1227 1841 a-

107 1861 262 1910 gnosci,
295 1860 329 1895 &
358 1859 510 1899 adorari
541 1872 616 1896 non
638 1860 841 1909 ignorant,
872 1858 944 1909 ipsi
973 1866 1102 1895 tamen
1124 1871 1228 1895 sum-

104 1926 171 1951 ma
201 1910 414 1950 intellectus
443 1913 694 1950 excaecatione
712 1941 722 1960 ‚
753 1925 796 1949 ac
827 1911 951 1950 cordis
980 1912 1225 1963 corruptione

106 1966 285 2005 eumdem
314 1978 517 2018 agnoscere
545 1965 706 2016 nolunt,
737 1974 829 2016 aut,
873 1964 976 2018 quod
1003 1963 1116 2018 pejus
1144 1973 1223 2014 est,

153 2124 202 2159 (a)
234 2118 357 2155 Refert
383 2120 556 2166 Diogenes
576 2119 738 2155 Laertius
766 2120 845 2155 Lib.
873 2120 937 2155 IX.
957 2120 1039 2155 Se&
1068 2119 1229 2164 91.Pr0-

105 2174 265 2212 tagoram
300 2167 365 2202 hoc
402 2169 495 2202 libro
521 2169 661 2202 initium
688 2169 866 2213 posuisse:
907 2170 949 2201 de
975 2167 1061 2200 Diis
1094 2170 1229 2212 quidem

108 2222 259 2248 statuere
277 2228 401 2259 nequeo
416 2237 427 2256 ,
452 2227 554 2260 neque
573 2228 616 2248 an
636 2219 706 2248 sint
719 2237 729 2255 ,
749 2228 852 2259 neque
869 2228 912 2249 an
937 2228 1002 2248 ηοη
1024 2219 1093 2248 sint
1106 2230 1118 2252 ;
1146 2214 1228 2247 liac-

107 2270 175 2304 que
195 2259 241 2294 ‘tle
267 2273 371 2294 causa
398 2261 506 2294 fnisse
533 2261 576 2294 ab
603 2260 877 2295 Atheniensibus
904 2271 988 2306 agro
1011 2262 1227 2294 extermina-

106 2315 183 2339 tum
199 2329 210 2347 ‚
235 2307 380 2351 ejusque
406 2308 513 2341 libros
540 2308 574 2340 in
602 2308 766 2341 concione
793 2307 1014 2341 combustos.
1049 2306 1143 2341 Idem
1169 2319 1225 2340 re·

107 2354 225 2386 ferunt
245 2355 369 2387 Cicero
387 2354 464 2386 Lib.
486 2355 511 2386 1.
537 2355 582 2387 <le
601 2363 720 2387 nutura
741 2353 890 2387 Deorum
903 2375 915 2396 2
941 2356 972 2387 ἃ
992 2355 1118 2388 Sextus
1138 2355 1224 2388 Em-

103 2400 250 2445 pyricus
277 2401 454 2434 Aduersus
478 2399 747 2434 Mathematicos
765 2422 773 2432 .
898 2403 901 2406 '

154 2446 201 2484 (ὂ)
232 2446 315 2487 Sic,
341 2454 379 2479 ut
405 2446 522 2489 aliqua
539 2458 710 2492 ponamus
736 2447 896 2490 exempla
913 2469 921 2478 .
946 2445 1168 2479 Possidonius
1187 2459 1224 2480 a·

105 2490 175 2536 pud
202 2492 409 2526 Ciceronem
434 2493 474 2524 L.
503 2494 527 2524 Ι.
562 2495 607 2526 de
631 2501 761 2527 natura.
776 2492 925 2525 Deorum
959 2490 1105 2525 fidenter
1132 2493 1224 2525 affir-

106 2538 225 2572 mabat
243 2561 253 2579 ,
278 2541 392 2572 nultos
411 2551 489 2571 esse
508 2537 604 2571 Deos
623 2538 777 2583 Epicuro
805 2540 939 2578 videri,
967 2551 1094 2583 quaeqrze
1121 2542 1153 2572 is
1178 2540 1222 2571 de

107 2585 192 2617 Diis
229 2586 476 2618 immortalibus
501 2587 661 2626 dixerit,
695 2586 833 2618 invidae
859 2586 1069 2618 detestandae
1106 2589 1223 2630 gratia

107 2632 269 2672 dixisse,
302 2633 385 2677 quia
409 2643 521 2676 neque
547 2642 587 2664 ex
612 2631 722 2677 ipsius
759 2639 950 2675 systemate
987 2631 1222 2676 consequeba-

108 2685 190 2716 tur,
214 2679 349 2711 nullum
376 2689 452 2711 esse
481 2678 594 2712 Deum
613 2700 621 2710 .
659 2678 854 2722 Epicurum
873 2687 989 2711 tamen
1020 2678 1063 2712 ab
1093 2678 1224 2711 atheis-

105 2732 166 2766 ·mo
191 2733 339 2767 purgant
364 2725 487 2757 Petrus
505 2723 706 2758 Gassendus
733 2726 776 2757 de
804 2728 873 2758 wita
900 2730 942 2758 <9⁴
965 2725 1116 2758 moribus
1138 2724 1223 2769 Epi-

108 2772 180 2802 curi
210 2769 247 2801 L.
276 2770 334 2802 iv.
361 2783 390 2804 c.
419 2772 475 2810 3.‚
502 2773 533 2803 &
557 2772 632 2805 Jac.
659 2769 853 2804 Bruckerus
880 2774 916 2804 in
941 2771 1108 2805 IIistoria
1132 2769 1220 2804 Phi-

108 2815 269 2858 aosophzx
295 2816 337 2848 T.
367 2818 391 2849 1.
429 2816 489 2850 ubi
515 2817 623 2858 etiam
648 2816 768 2851 sedulo
795 2817 943 2862 inquirit
980 2817 1021 2850 de
1048 2818 1220 2851 atheismo

107 2858 386 2901 Anaximandri,
408 2861 622 2908 Anaxagorae
639 2885 650 2904 ‚
678 2862 847 2897 Theodoti
866 2885 877 2905 ‚
903 2864 1115 2905 Evhemeri,
1140 2864 1220 2897 Bio-

108 2906 163 2939 nis
190 2904 470 2950 BorysthenitiS,
496 2911 687 2954 Stilponis,
707 2910 886 2951 Platonis,
912 2910 1148 2950 Clitomachi,
1173 2912 1224 2945 A-

107 2953 278 2986 ristotelis
291 2973 302 2992 ,
329 2953 500 2985 Stratonis
518 2975 527 2991 ,
546 2957 740 2990 Stoicorum
758 2977 767 2995 ,
792 2958 967 2991 Aristonis
987 2957 1093 2997 Chii,
1112 2956 1224 2990 Chri-

111 2999 199 3043 sippi
215 3019 225 3039 ,
253 2997 457 3042 Pythagora?
474 3020 484 3038 ,
501 2999 719 3043 Empedoclis
734 3026 744 3043 ,
771 3004 882 3039 Ocelli
903 3004 1036 3036 Lucani
1053 3025 1064 3044 ,
1085 3004 1224 3037 Parme·-

110 3043 227 3084 nidis,
253 3044 410 3084 Melissi,
437 3047 469 3076 &
496 3045 655 3089 Diagorae
683 3049 804 3081 Melii.
841 3050 967 3083 Mirari
994 3057 1112 3094 postea
1138 3050 1223 3083 sub-

109 3090 162 3123 dit
185 3096 252 3128 (ut
280 3089 312 3121 id
338 3090 452 3122 obiter
485 3090 710 3124 observemus
737 3100 746 3130 >
773 3093 866 3128 hunc
892 3096 1124 3139 scriptorem,
1160 3096 1222 3140 (fui

108 3136 265 3170 ethnicos
286 3135 510 3180 Philosophos
536 3149 555 3169 a
581 3145 671 3170 tetra
698 3138 859 3172 athei-<mi
879 3151 960 3174 nota
980 3141 1129 3174 liberare
1148 3151 1224 3175 stu-

110 3183 210 3223 duit,
237 3183 271 3214 in
296 3181 452 3226 ejusdem
472 3182 633 3216 atheisini
660 3185 894 3228 suspicionem
914 3199 1051 3220 vocasse
1073 3188 1224 3220 Leonem

109 3231 158 3263 X.
177 3227 282 3262 Card-
303 3229 445 3261 Petrum
466 3228 634 3262 Bembum
651 3251 662 3270 ,
689 3231 845 3275 aliosque
865 3244 931 3265 non
951 3244 1077 3276 pancos
1097 3233 1226 3267 Catho-

110 3276 187 3308 licae
213 3275 466 3308 communionis
493 3275 645 3308 celebres
670 3277 763 3309 viros
780 3296 791 3316 ,
832 3280 863 3309 &
889 3278 1029 3322 quidem
1056 3280 1129 3312 sine
1155 3281 1227 3314 ullo

111 3332 252 3366 prorsus
292 3329 398 3356 tantae
425 3322 657 3358 accusationis
692 3322 869 3367 probabili
895 3333 1127 3369 argumento,
1163 3334 1223 3359 aut

1303 744 1486 795 argutiis,
1531 743 1564 781 ἃ
1594 742 1904 785 cavillationibus
1933 746 2063 786 tollere
2092 748 2262 787 nituntur
2280 779 2292 799 ,
2342 763 2409 788 vo-

1301 806 1437 835 cantur
1466 797 1574 835 afflet
1601 801 1777 846 positivi,
1807 799 1867 837 vel
1897 801 2011 838 etiarn
2041 802 2288 853 dogmatici.
2333 804 2413 851 Qui

1300 850 1458 888 demum
1500 851 1675 889 dubitare
1704 865 1740 889 se
1768 852 1927 898 dicunt,
1973 854 2017 889 sit
2046 868 2162 892 necne
2192 856 2294 894 Dens
2313 887 2323 905 ,
2367 865 2410 894 ut

1298 901 1517 956 Protagoras
1546 905 1636 942 fecit
1666 905 1756 955 (a),
1787 904 1978 957 appellari
2008 917 2160 956 possunt
2188 908 2297 948 athei
2326 923 2410 948 sce-

1296 960 1391 1007 ptici
1407 987 1417 1006 ,
1449 957 1509 995 vel
1537 957 1768 1010 pyrrbonici
1785 983 1794 996 .

1353 1010 1392 1056 4.
1424 1011 1577 1049 Addunt
1597 1011 1721 1063 aliqui
1740 1018 1923 1063 quartum
1945 1009 2153 1049 atlzeorum
2182 1027 2322 1064 genus,
2350 1028 2412 1054 eo-

1298 1076 1387 1101 rum
1415 1077 1581 1116 nempe,
1619 1067 1688 1117 qui
1716 1065 1892 1102 atlieismi
1922 1065 2026 1102 viam
2057 1068 2165 1116 quasi
2197 1068 2414 1119 ingredien-

1298 1124 1377 1164 tes,
1422 1116 1515 1154 talia
1558 1118 1740 1169 adoptant
1770 1118 1991 1169 principia,
2035 1131 2081 1155 ex
2125 1120 2267 1171 quibus
2313 1120 2412 1159 reste

1295 1168 1407 1218 fluit,
1437 1168 1592 1208 nullum
1623 1184 1701 1208 esse
1731 1170 1886 1209 Deum.
1917 1171 1999 1209 Hac
2031 1180 2157 1209 tamen
2188 1174 2227 1210 in
2259 1187 2298 1212 re
2329 1189 2413 1212 ma-

1295 1224 1401 1260 xime
1442 1225 1657 1262 cavendum
1686 1231 1766 1272 est,
1811 1236 1857 1262 ne
1886 1223 2064 1262 atheismi
2108 1225 2286 1274 crimen,
2336 1241 2415 1279 quo

1296 1276 1424 1315 nullus
1465 1278 1631 1315 atrocius
1659 1289 1737 1315 esse
1778 1285 1940 1329 potest,
1984 1278 2177 1316 immerito
2229 1281 2416 1331 cuiquam

1294 1330 1512 1377 tribuatur3
1542 1344 1643 1383 saepe
1663 1331 1767 1368 enim
1789 1331 2001 1381 contingit,
2030 1338 2071 1368 ut
2091 1331 2260 1382 alicujus
2289 1342 2413 1385 syste-

1294 1385 1407 1421 matis
1449 1385 1730 1436 consequentiae
1767 1392 1832 1423 aut
1874 1385 2120 1436 ignorentur,
2170 1394 2233 1423 aut
2276 1388 2415 1425 saltem

1295 1445 1477 1486 negentur
1507 1436 1564 1488 (b)
1583 1463 1594 1476 .

1351 1491 1389 1526 5.
1419 1489 1489 1527 His
1530 1491 1645 1541 igitur
1681 1490 1833 1538 missis,
1876 1502 1944 1528 nos
1986 1491 2142 1542 proprie
2187 1490 2314 1531 atheos
2353 1504 2419 1531 eos

1295 1540 1391 1580 solos
1420 1541 1696 1593 intelligimus,
1740 1543 1809 1593 qui
1838 1550 1902 1579 aut
1931 1542 2061 1579 Deum
2102 1556 2180 1580 esse
2212 1546 2416 1595 ignorant,

1296 1604 1359 1632 aut
1390 1596 1601 1646 procaciter
1629 1603 1792 1646 negant,
1823 1602 1885 1631 aut
1906 1594 2038 1632 saltem
2070 1596 2107 1633 iu
2138 1597 2300 1636 dubium
2323 1599 2415 1638 stul-

1295 1656 1331 1684 te
1359 1655 1566 1684 revocant.
1595 1646 1711 1684 Porro
1739 1646 1843 1684 haud
1863 1647 1978 1683 facile
2007 1656 2086 1694 est,
2117 1657 2338 1689 accuratam
2354 1665 2416 1689 eo·=

1293 1713 1381 1736 rum
1410 1698 1608 1737 historiam
1637 1707 1763 1736 texere
1793 1698 1881 1749 (c).
1910 1696 2095 1737 Veterum
2127 1701 2302 1752 οἷσεθῃὶφ,
2351 1716 2418 1746 seu

1295 1752 1496 1790 atheorum
1525 1751 1742 1803 catalogum
1786 1751 1880 1789 olim
1909 1751 2064 1791 dederat
2093 1753 2291 1808 Lysippus
2320 1758 2417 1810 Epi-

1295 1814 1375 1842 rota
1404 1835 1415 1852 ‚
1461 1813 1694 1842 memoratus
1737 1807 1758 1842 a
1789 1803 2001 1843 S’choliaste
2032 1806 2230 1858 Apollonii
2263 1812 2279 1860 (
2309 1812 2415 1863 apud

1293 1857 1355 1895 Jo.
1386 1856 1477 1896 Alb.
1507 1856 1737 1896 Fabricium
1767 1856 1883 1896 Tom.
1913 1857 1943 1895 Ι.
1973 1857 2225 1899 Bibliothecae
2261 1876 2415 1914 graecas

1297 1925 1384 1963 pag.
1415 1911 1509 1961 817.
1539 1911 1580 1960 ),
1622 1911 1692 1963 qui
1720 1909 1833 1949 modo
1867 1910 2131 1950 desideratur.
2179 1914 2314 1954 Nostra
2344 1931 2418 1955 au-

1296 1973 1400 2014 tem,
1442 1963 1676 2017 Patrumque
1717 1972 1934 2003 nostrorum
1976 1966 2164 2005 memoria
2193 1980 2271 2008 non
2300 1971 2419 2022 pauci

2305 2035 2367 2061 18·

1297 2128 1385 2155 teste
1411 2118 1476 2155 fide
1494 2117 1689 2165 <lignosum
1714 2117 1864 2165 quilibet
1883 2114 2003 2154 videre
2026 2120 2156 2164 poterit
2174 2132 2216 2154 ex
2243 2121 2286 2155 iis
2301 2143 2313 2163 ,
2338 2133 2418 2169 quae

1295 2167 1401 2202 habet
1429 2169 1472 2201 Τ.
1500 2168 1561 2201 1V.
1589 2168 1625 2200 P.
1653 2168 1679 2200 l.
1708 2167 1786 2200 Lib.
1814 2167 1858 2199 ll.
1884 2167 1971 2211 Cap.
1999 2167 2031 2199 3.
2058 2169 2089 2209 §.
2117 2167 2175 2200 63.
2204 2171 2235 2201 ἅ·
2261 2181 2333 2214 seq.

1342 2221 1389 2254 (c)
1419 2214 1541 2259 Aliqui
1578 2214 1668 2247 inter
1694 2213 1931 2246 protestantes
1972 2213 2347 2249 atheismz‘liistoriam
2374 2214 2418 2248 il-

1294 2259 1447 2295 lustrare
1473 2261 1590 2294 conati
1616 2268 1720 2300 sunt,
1753 2267 1792 2292 ut
1816 2258 1989 2292 Jenkinus
2017 2259 2228 2294 Thomasius
2257 2261 2292 2294 in
2317 2261 2418 2296 Hisc.

1290 2307 1456 2341 atheismi
1483 2307 1631 2340 breviter
1655 2309 1833 2341 delineata
1856 2303 2015 2340 Aldorffii
2047 2309 2149 2350 1713.
2176 2308 2210 2341 8.
2234 2309 2296 2351 qui
2322 2316 2420 2353 post-

1292 2365 1334 2387 ea
1368 2353 1527 2388 eamdem
1552 2353 1738 2387 historiam
1774 2365 1795 2387 a
1819 2364 1854 2386 se
1888 2352 2106 2397 recognitam
2141 2354 2272 2386 iterum
2307 2353 2419 2388 edidit

1294 2399 1444 2434 Londini
1471 2411 1572 2444 1717.
1597 2400 1632 2434 8.
1657 2400 1723 2432 hoc
1748 2399 1855 2433 titulo
1881 2397 1983 2432 Diss.
2002 2398 2417 2444 historico-philosophi-

1291 2458 1333 2480 ca
1358 2448 1402 2479 de
1427 2447 1596 2479 atheis-mo
1613 2465 1624 2485 ,
1657 2447 1730 2478 sive
1757 2446 1910 2478 historia
1934 2445 2099 2478 atheismi
2115 2465 2127 2485 ‚
2164 2450 2199 2478 in
2225 2459 2288 2491 qua
2315 2448 2420 2480 Scri-

1289 2501 1406 2536 ptores
1426 2495 1583 2532 ·‹›etusti‚
1618 2493 1659 2524 &¹
1695 2495 1909 2525 recentiores
1940 2494 2134 2534 impietatis
2149 2491 2254 2535 falso
2293 2501 2413 2536 postu·

1291 2541 1356 2573 lati
1376 2540 1566 2575 liberantur
1590 2551 1611 2571 a
1629 2542 1719 2582 turpi
1744 2539 1908 2572 atheismi
1935 2541 2116 2582 stigmate:
2141 2541 2205 2571 alti
2235 2552 2336 2581 vero,
2361 2542 2417 2584 qui

1291 2587 1335 2619 de
1362 2597 1513 2629 supremo
1539 2585 1688 2618 Iszmine
1718 2589 1846 2619 sentire
1873 2584 2030 2618 videntur
2054 2589 2164 2617 minus
2190 2590 2301 2626 reHe,
2338 2598 2416 2619 cor-

1290 2635 1463 2676 ripiuntur
1486 2635 1607 2664 merito
1624 2652 1632 2662 -
1657 2631 1743 2664 Ant.
1770 2631 1855 2664 item
1881 2631 2047 2663 Reiserus
2072 2630 2176 2662 Diss.
2203 2628 2312 2665 edidit
2339 2636 2416 2676 epi-

1291 2681 1453 2712 scolarem
1486 2679 1533 2712 ad
1557 2675 1782 2719 Theophilum
1809 2677 2025 2718 Spizelium,
2063 2676 2107 2708 de
2133 2679 2295 2720 origine,
2332 2691 2417 2722 pro.

1289 2739 1412 2770 gressu
1432 2746 1442 2765 ,
1486 2729 1528 2757 (7‘
1551 2727 1760 2757 incremento
1785 2721 2032 2761 antitheismif,
2070 2733 2128 2754 sen
2153 2724 2316 2757 atheismi
2332 2746 2344 2764 ,
2382 2725 2419 2758 in

1289 2784 1357 2817 qua
1382 2769 1545 2805 atheismi
1570 2769 1742 2813 originem
1768 2781 1787 2801 a
1814 2767 1951 2808 Caino,
1985 2767 2134 2813 aliisque
2175 2768 2413 2804 antediluvia-

1289 2819 1343 2852 nis
1362 2819 1495 2851 frustra
1512 2824 1668 2861 repetere
1687 2822 1835 2848 conatur
1851 2837 1859 2845 .
1878 2812 2032 2848 Jacobus
2050 2815 2158 2848 etiam
2174 2814 2268 2849 Frid.
2288 2818 2412 2850 Raim-

1288 2875 1414 2898 manus
1440 2861 1636 2897 Historiam
1673 2861 1772 2895 nobis
1809 2859 1904 2894 dedit
1942 2861 2132 2902 atheismi,
2172 2865 2205 2894 &
2237 2863 2414 2896 atheornm

1292 2910 1459 2945 Hildesiae
1482 2909 1583 2953 1725.
1603 2910 1636 2943 8.
1663 2907 1844 2941 Nonnulla
1869 2905 2019 2952 denique
2046 2906 2111 2940 hac
2136 2906 2178 2941 de
2203 2920 2240 2941 re
2266 2909 2412 2943 exhibet

1292 2959 1417 2992 Franc.
1443 2954 1603 2990 Buddeus
1631 2955 1666 2987 in
1692 2954 1861 2988 Thesibus
1886 2955 1930 2987 de
1955 2954 2147 2995 acheismo,
2173 2958 2215 2988 Cf
2243 2959 2411 2999 supersti-

1292 3009 1385 3038 tione
1411 3016 1442 3038 c.
1469 3013 1501 3035 2.
1539 3014 1579 3035 ac
1603 3001 1726 3035 Joach.
1753 3001 1907 3045 Langins
1934 3004 1970 3033 in
1996 3012 2100 3033 causa
2125 3000 2224 3042 Dei,
2263 3006 2304 3034 (Τ
2329 3004 2417 3035 reli·

1292 3055 1409 3095 gionis
1434 3050 1604 3082 naturalis
1628 3050 1791 3081 adversus
1818 3047 2024 3080 atheismum
2043 3046 2085 3079 Τ.
2107 3049 2131 3080 l.
2159 3059 2193 3091 p.
2212 3048 2268 3081 81.
2287 3050 2319 3078 ἃ
2338 3058 2411 3091 seq.

1291 3096 1455 3130 editionis
1481 3092 1639 3128 secundae
1668 3094 1766 3127 Halae
1793 3095 1970 3126 Saxonum
2001 3103 2104 3136 1727.
2133 3094 2167 3125 in
2199 3103 2251 3124 12.
2287 3092 2331 3125 Hi
2358 3102 2416 3126 ta-

1291 3154 1398 3183 men,
1435 3141 1563 3184 aliique
1590 3139 1893 3176 Heterodoxorum
1928 3139 2012 3172 libri
2051 3137 2236 3172 admodum
2264 3147 2363 3171 caute
2392 3152 2413 3172 a

1295 3188 1482 3234 tyronibus
1507 3185 1643 3230 legendi
1664 3195 1770 3227 sunt,
1796 3193 1939 3231 propter
1965 3187 2061 3219 sedtae
2086 3182 2292 3227 praejudicia
2318 3183 2412 3217 baud

1295 3246 1379 3268 raro
1405 3235 1440 3267 in
1467 3233 1509 3266 iis
1536 3233 1718 3277 inspersa3
1745 3244 1785 3265 ac
1810 3239 1952 3276 propter
1977 3229 2234 3264 intolerabilem
2260 3231 2417 3276 prurigi-

1295 3293 1375 3315 nem
1400 3281 1502 3315 Rom·
1529 3279 1696 3314 Ecclesiae
1722 3279 1910 3324 scriptores
1937 3276 2100 3312 atheismi
2125 3275 2313 3314 accusandi
2335 3299 2343 3310 .
