2564 3706
760 103 841 152 DE
868 103 1181 152 INFALLIB.
1211 101 1386 151 ECCL.
1418 103 1683 152 AUCTOR.

58 187 204 230 {tuteris
233 187 522 229 demonstranda
551 194 632 234 θεῖς
661 193 698 225 at
711 200 802 226 vero
816 200 997 241 quaenam
1027 189 1099 226 sint
1119 201 1178 225 sa·

61 256 144 282 crae
166 274 176 293 ,
207 244 240 281 St
269 242 468 281 canonicae
497 242 706 293 Scripturae
724 271 735 289 ,
772 241 807 278 δι
835 243 991 296 insuper
1018 242 1178 293 quinam

63 299 112 335 sit
140 296 331 348 legitimus
373 295 595 334 earumdem
637 308 786 342 sensus,
823 295 874 333 ab
902 293 1072 345 ejusdem
1103 293 1179 332 Ec-

63 347 441 389 clesiae.a11etoritate
471 348 607 401 pendet
629 373 640 386 .
683 348 795 396 Quod
826 349 857 386 si
885 347 1062 396 dicatur,
1093 360 1179 399 pos-

62 416 103 441 se
132 414 196 440 uos
225 415 270 439 ex
308 400 396 440 solis
426 401 736 440 Hermeneuticae
765 400 907 452 regulis
935 415 980 438 ea
1008 399 1091 438 loca
1120 401 1178 438 in-

63 454 236 507 telligere
257 485 268 504 ,
297 468 386 508 quae
416 454 668 493 infallibilem
699 454 884 493 Ecclesiae
914 452 1176 492 austeritatem

61 508 267 557 tribuunt,
298 517 470 561 poterunt
498 508 585 559 pari
613 508 698 560 jure
724 521 773 545 ex
801 509 937 545 iisdem
966 506 1109 558 regulis
1136 521 1176 544 a·

60 559 118 600 lia
146 563 277 600 omnia
319 561 403 601 loca
447 561 643 613 intelligi,
687 574 732 599 ex
761 561 904 614 quibus
945 561 1111 612 pendent
1138 572 1180 596 o-

63 615 172 654 mnia
201 624 340 653 uostrae
368 615 460 653 fidei
501 615 703 666 dogmata,
748 615 843 667 quin
886 613 934 653 ad
964 612 1179 652 Ecclesiam

61 668 332 730 confugiemus
347 694 359 707 .

126 721 213 760 150.
244 722 403 774 Insuper
432 720 608 760 Ecclesia
636 721 711 760 sibi
755 716 955 760 v'iudicans
980 718 1178 758 hanc-au-

63 769 300 823 storitatem,
342 773 603 813 infallibiliter
643 774 808 822 definit,
856 787 894 812 se
925 772 1178 811 infallibilem

63 825 208 865 habere
237 827 442 867 definiendi
471 836 695 880 potestatem
712 842 724 874 3
767 827 802 864 ἃ
831 828 904 865 nisi
934 826 1019 864 haec
1061 825 1179 863 habe-

62 889 169 919 retur
198 880 385 920 Ecclesiae
414 882 586 920 definitio
606 911 617 929 ,
647 895 721 919 non
751 889 842 918 esset
871 879 943 917 hoc
971 880 1108 929 dogma
1128 877 1180 916 ab

59 934 248 973 omnibus
277 935 436 974 indubia
468 931 552 973 fide‘
572 933 806 972 credendum
824 961 836 980 ,
864 932 959 971 adeo
989 940 1028 967 ut
1058 938 1179 982 posset

60 986 228 1040 quilibet
255 989 416 1042 impune
444 988 492 1026 de
511 986 698 1026 Ecclesiae
727 984 950 1024 austoritate
978 983 1178 1021 dubitare.

62 1041 160 1079 flaec
183 1049 316 1080 tamen
345 1043 476 1080 omn-ia
517 1052 685 1092 puram,
727 1046 938 1090 putamque
977 1035 1179 1075 involvunt

62 1095 284 1146 petitionem
314 1093 528 1147 principii.
1036 1109 1039 1112 ⁴

110 1147 209 1187 13¹.
240 1146 354 1200 Resp.
382 1146 513 1184 Primo
539 1143 612 1182 hac
641 1144 727 1195 ipsa
753 1141 1007 1191 difficultate,
1036 1142 1068 1181 si
1098 1156 1176 1195 qua

60 1208 144 1250 est,
174 1201 300 1251 premi
329 1200 444 1237 etiam
473 1197 750 1236 Adversarios.
779 1196 892 1235 Hanc
921 1197 1026 1234 enim
1055 1195 1174 1234 liber-

58 1260 175 1291 tatem
192 1282 204 1301 ,
233 1265 352 1305 quam
381 1251 456 1291 sibi
485 1259 687 1302 arrogant,
716 1251 846 1289 omnia
877 1249 968 1287 fidei
997 1248 1174 1301 dogmata

90 1305 214 1344 rivato
240 1319 308 1344 suo
335 1306 474 1358 spiritu
494 1304 763 1353 examinandi,
793 1316 838 1341 ex
859 1301 1068 1353 Scripturis
1090 1315 1178 1354 pro-

55 1319 159 1398 ’ζετο
186 1366 401 1398 conantur.
443 1357 608 1406 Quando
635 1366 763 1395 autem
793 1356 843 1395 ab
873 1357 978 1409 ipsis¹
1010 1357 1178 1396 sciscita-

66 1424 184 1460 mur,
213 1414 376 1464 quinam
405 1412 482 1451 sint
509 1411 683 1450 canonici
712 1410 839 1458 libri,
869 1410 904 1447 8(
923 1410 1086 1462 quinam
1117 1423 1179 1447 eo-

63 1465 245 1504 rumdem
285 1479 489 1519 germanus
532 1477 685 1512 sensus,
733 1466 875 1502 iterum
906 1464 955 1502 ad
1001 1465 1180 1516 spiritum

61 1519 260 1572 privatum
289 1527 474 1572 perpetuo
501 1517 651 1556 circulo
679 1530 746 1556 nos
775 1525 1008 1570 provocant.

126 1571 214 1611 152.
247 1571 361 1625 Resp.
384 1585 420 1610 2.
449 1571 614 1611 Nuflum
634 1573 675 1609 iu
705 1570 777 1609 hac
807 1571 968 1609 materia
997 1584 1076 1609 esse
1105 1571 1181 1608 cir-

62 1624 200 1664 culum
242 1627 450 1665 vitiosum.
492 1625 594 1663 Nam
622 1625 774 1676 quando
816 1633 946 1662 contra
975 1623 1180 1662 He'terodo-

63 1690 132 1717 xus
161 1678 385 1718 infallibilis
411 1677 601 1716 Ecclesiae
630 1675 833 1715 auctoritas
861 1689 907 1713 ex
938 1679 1053 1716 sacris
1081 1678 1183 1716 litte-

59 1733 114 1770 ris
141 1732 375 1780 ostenditur,
417 1743 495 1770 non
525 1727 556 1770 i'i
583 1729 816 1769 adhibentur
845 1729 936 1768 libri
965 1733 1095 1779 sacri,
1133 1731 1182 1768 de

61 1784 206 1836 quibus
234 1785 415 1825 canonici
443 1797 566 1824 necne
587 1785 660 1823 sint
677 1813 688 1834 ,
717 1785 815 1822 inter
842 1795 936 1830 nos,
967 1783 1182 1823 8111103111-

59 1846 263 1889 sputatur,
305 1839 370 1878 sed
398 1838 428 1875 ii
457 1836 669 1885 dumata,
698 1837 745 1875 de
775 1849 940 1890 quorum
970 1836 1179 1879 αὐθεντιόις

61 1888 171 1929 nulla
200 1905 355 1945 prorsus
383 1899 435 1929 est
471 1890 707 1943 disputati03
751 1891 1023 1942 undecumque
1051 1899 1180 1941 postea

62 1942 151 1982 haec
179 1943 383 1990 αι’ἃεντίας
411 1942 632 1982 derivetur.
663 1943 967 1995 Sumimusergo
982 1943 1019 1981 id
1037 1973 1048 1990 ,
1078 1943 1179 1995 quod

61 1997 199 2050 utique
226 1995 461 2046 litigantium
489 1998 592 2048 parti
611 2009 817 2035 commune
844 2004 925 2043 est,
955 1995 990 2032 &
1010 1993 1178 2042 certum,

62 2058 105 2088 ut
134 2048 222 2088 inde
249 2047 438 2086 Ecclesiae
467 2047 730 2088 austeritatem
758 2060 981 2101 supremam
1009 2049 1179 2087 ostenda-

61 2116 178 2142 mus.
228 2098 373 2140 Rursus
400 2101 555 2155 quando
582 2110 629 2140 ex
658 2101 851 2140 canonicis
879 2100 986 2150 illis,
1017 2100 1051 2138 8<
1079 2102 1180 2140 divi-

59 2157 120 2196 uis
146 2155 260 2194 libris
287 2156 505 2194 testimonia
546 2155 588 2194 in
617 2168 699 2194 rem
725 2163 894 2193 nostram
936 2154 1148 2205 allegamus
1168 2183 1180 2201 ‚

60 2222 140 2249 non
167 2216 212 2248 ea
240 2209 281 2247 in
310 2217 435 2255 nostro
463 2222 575 2248 sensu
598 2206 853 2258 ,intelligenda
881 2219 958 2244 esse
986 2208 1180 2245 contendi-

57 2271 174 2312 mus,
203 2263 296 2316 quia
325 2257 499 2301 Ecclesia
526 2262 578 2299 ita
606 2258 853 2311 intelligenda
881 2258 961 2298 illa'
978 2273 1055 2297 esse
1083 2259 1179 2298 defi-

56 2316 189 2363 nivit3
217 2315 285 2355 sed
312 2327 378 2354 nos
405 2315 542 2352 nostris
561 2313 802 2352 Adversariis
818 2343 829 2362 ,
859 2312 984 2365 quoad
1004 2312 1088 2351 fieri
1109 2326 1178 2364 po-

59 2376 158 2419 test,
194 2366 564 2415 accommodando‚·
591 2379 639 2405 ex
667 2366 800 2418 certis,
844 2364 878 2401 &
907 2366 1179 2405 communibus

59 2421 372 2461 Hermeneuticae
401 2419 552 2473 legibus
566 2420 822 2468 vevincirnus,
866 2418 970 2458 hunc
992 2450 1002 2468 ,
1040 2419 1076 2456 &
1106 2433 1178 2458 nou

53 2473 187 2513 'alium
214 2487 293 2512 esse
319 2473 482 2513 obvium
503 2505 515 2523 ,
544 2473 578 2511 ἃ
597 2485 823 2526 germanum
852 2474 1075 2512 eorumdem
1096 2488 1178 2512 sen-

58 2541 147 2566 sum
167 2525 349 2566 .·Nullus
377 2527 506 2580 itaque
534 2534 586 2567 est
612 2529 655 2566 in
682 2535 806 2565 nostro
834 2527 1036 2566 ratiocinio
1063 2528 1177 2567 vitio-

62 2593 130 2620 sus
158 2580 329 2619 circulus
358 2580 453 2632 (a).

66 2639 69 2641 ’
122 2633 212 2674 155.
241 2634 427 2682 Accedit,
457 2634 562 2687 quod
589 2645 810 2686 supremam
831 2631 1017 2671 Ecclesiae
1047 2632 1174 2672 austo-

62 2688 218 2727 ritatem
246 2686 334 2727 aliis
362 2688 481 2726 etiam
510 2687 744 2740 argumentis
772 2685 915 2725 inviae
943 2686 1175 2725 demonstra—

60 2753 176 2787 mus3
218 2753 264 2780 ac
292 2741 534 2792 potissimtun
563 2754 609 2779 ex
638 2742 821 2779 constanti
849 2741 1025 2779 omnium
1049 2750 1175 2779 'saecu-

61 2793 194 2835 lorum
222 2807 293 2833 usu
311 2808 325 2841 3
370 2805 417 2833 ex
444 2795 529 2846 ipso
568 2795 675 2833 enim
712 2792 982 2845 Apostolorum
1026 2806 1109 2834 aevo
1137 2795 1177 2834 id

62 2860 216 2901 semper
242 2857 434 2888 servatum
463 2857 542 2897 est,
572 2856 614 2886 ut
641 2849 836 2899 graviores
856 2847 976 2896 fidei,
1005 2861 1177 2886 morum·

66 2913 145 2952 qne
186 2896 453 2941 controv'ersiae
493 2902 542 2940 ad
570 2901 757 2940 Ecclesiae
788 2900 956 2939 tribunal
984 2901 1178 2939 deferren-

64 2958 154 3002 tur,
183 2953 356 3006 ejusdem
384 2953 587 2993 infallibili
616 2954 772 2994 oraculo
799 2954 1070 3001 definirentur3
1112 2956 1177 2993 cui

62 3005 223 3046 oraculo
249 3019 383 3046 omnes
410 3007 499 3056 illi,
528 3009 597 3060 qui
626 3009 745 3048 fasces
774 3008 994 3048 submittere
1025 3020 1176 3048 recusa-

116 3140 168 3178 (a)
191 3137 320 3172 Confer
350 3136 652 3182 elegantissimum
683 3139 922 3175 Facciolatum
960 3138 996 3171 in
1021 3138 1173 3173 Acroasi

67 3180 130 3216 Vl.
156 3183 375 3219 Dialemea.
705 3188 713 3197 ”

119 3229 168 3268 (b)
192 3231 290 3266 Hanc
315 3229 406 3264 Jurii
437 3228 664 3273 objeeiionem
686 3231 800 3266 fusius
833 3231 938 3266 diluit
974 3231 1175 3265 illustrissi-

67 3282 147 3308 mus
173 3275 358 3311 Bossuetus
395 3277 431 3310 in
456 3276 555 3310 Hist.
594 3291 663 3312 var·
704 3277 846 3312 Eccles.
878 3278 1171 3318 Protescantium‚

69 3319 150 3356 Lib.
177 3323 258 3360 XV.
282 3335 317 3357 n.
342 3325 400 3361 86.
427 3325 459 3359 ὃς
484 3335 555 3369 seq.
570 3344 582 3366 ,
621 3323 683 3359 ubi
707 3335 748 3360 ex
773 3325 847 3371 ipso
870 3326 971 3362 Jurio
994 3323 1171 3367 ostendit,

2215 121 2303 166 ¹99

1244 194 1357 235 runt,
1387 193 1586 237 tamquam
1617 185 1783 234 ethnici,
1813 183 1848 222 8:
1877 184 2079 238 publicani
2108 184 2220 239 ejeeti
2249 196 2358 228 sunt.

1245 240 1333 288 Quo
1362 238 1436 287 fit,
1480 247 1519 275 ut
1546 251 1677 275 omnes
1706 238 1836 276 fideles
1867 238 1963 278 hanc
2008 239 2258 280 infallibilem
2277 272 2287 291 ,
2325 242 2360 279 δι

1245 305 1465 344 supremam
1494 290 1702 330 definiendi
1743 291 2024 340 austoritatem‚
2068 303 2108 331 ut
2137 304 2274 333 nostrae
2303 310 2361 334 re-

1245 345 1399 398 ligionis
1426 345 1564 398 dogma
1593 342 1780 397 capitale,
1810 357 1960 396 semper
1989 345 2214 397 habuerint,
2244 357 2359 401 atque

1246 399 1390 437 habere
1418 397 1580 437 debeant
1597 423 1608 435 ·

1306 451 1395 498 154.
1424 451 1557 504 Neque
1585 451 1744 490 demum
1772 448 1947 488 Ecclesia
1991 458 2097 488 utens
2139 453 2359 494 austoritate

1244 505 1455 544 definiendi
1491 505 1764 543 controversias
1806 502 1898 542 fidei
1926 502 2001 541 sibi
2029 518 2052 541 a
2081 503 2164 542 Deo
2191 507 2360 556 collata,

1245 559 1286 596 id
1315 559 1389 597 sibi
1419 566 1592 610 arrogat,
1621 557 1666 595 de
1695 569 1772 610 quo
1798 557 2040 608 disputatur,
2070 557 2135 594 sed
2165 561 2288 609 potius
2318 562 2362 600 iu

1246 626 1291 650 ea
1321 613 1550 663 possessione
1572 620 1724 660 manet,
1753 612 1794 649 in
1815 624 1893 662 qua
1920 623 2069 661 semper
2090 610 2185 649 fuit.
2216 612 2264 650 Et
2282 627 2360 651 non

1247 664 1374 704 solum
1403 666 1604 718 iniquum,
1643 664 1705 702 sed
1736 662 1947 702 ridiculum
1977 662 2088 716 plane
2118 664 2241 713 foret,
2272 676 2312 704 ut
2339 682 2363 705 a

1260 720 1476 757 ›ossessione
1506 732 1573 756 sua
1601 718 1824 765 decederet,
1866 718 1959 769 quia
1989 716 2112 769 aliqui
2155 719 2274 770 ipsius
2305 732 2362 756 re-

1245 733 1365 810 belles
1395 771 1470 810 filii
1499 773 1624 809 eidem
1652 772 1916 822 obtemperare
1944 770 2186 810 detrectant.
2215 771 2296 811 Nec
2324 786 2369 809 ει

1246 825 1341 861 tiam
1370 825 1417 862 ad
1446 824 1753 863 confirmandam
1796 823 1894 861 hanc
1937 825 2200 863 auctoritatem
2230 825 2365 878 aliqua

1245 888 1341 927 opus
1356 886 1433 915 erat
1449 877 1688 924 definitione5
1710 891 1802 916 nam
1818 878 1999 929 antiqua,
2029 876 2064 913 δι’
2085 891 2284 930 nunquam
2302 881 2360 917 in-

1244 936 1415 981 terrupta
1443 931 1623 982 possessio
1651 932 1698 968 ad
1728 931 1768 968 id
1796 929 2031 969 sufficiebat.
2060 930 2176 980 Quod
2203 933 2364 985 quidem

1244 994 1316 1033 pro
1344 990 1447 1020 certo
1476 982 1609 1021 habuit
1638 983 1813 1034 Synodus
1843 983 2096 1032 Tridentina,
2140 985 2233 1024 dum
2262 986 2362 1024 Sess-

1244 1033 1316 1071 IV.
1345 1035 1391 1072 de
1412 1035 1598 1073 Ecclesiae
1627 1038 1849 1074 auctoritate
1879 1038 1999 1074 dixit-t
2028 1038 2141 1089 cujus
2171 1047 2231 1077 est
2253 1038 2362 1090 judi-

1245 1099 1343 1125 care
1372 1086 1421 1125 <Ze
1449 1101 1538 1125 vero
1567 1101 1712 1136 sensu,
1753 1089 1803 1129 <9⁴
1832 1092 2161 1140 interpretatione
2190 1091 2366 1144 Scripta.-

1246 1154 1389 1180 rarum
1418 1138 1654 1179 εαηέἔανωη
1678 1167 1688 1178 .

1301 1195 1390 1234 155.
1422 1195 1536 1233 Dices
1566 1196 1583 1246 (
1612 1208 1704 1232 cum
1731 1192 1840 1232 Jurio
1872 1191 1972 1231 Vrai
2000 1204 2104 1246 ssst.
2143 1195 2192 1234 cle
2222 1198 2245 1234 l‘
2265 1200 2370 1251 e'gli..

1241 1260 1286 1286 se
1306 1248 1321 1297 )
1340 1274 1350 1285 .
1380 1247 1553 1287 Ecclesia
1585 1246 1813 1286 universalis
1842 1247 1887 1284 de
1909 1246 2019 1285 nulla
2040 1262 2079 1285 re
2100 1247 2245 1299 judicat
2261 1281 2272 1299 ,
2302 1253 2364 1290 ni-

1245 1300 1301 1339 1111
1332 1300 1492 1349 definit,
1521 1303 1721 1339 nemiuem
1749 1300 1879 1348 docet,
1910 1310 1975 1338 aut
1995 1302 2245 1340 condemnat:
2276 1303 2360 1343 haec

1243 1356 1350 1393 enim
1379 1355 1511 1393 omnia
1540 1353 1589 1392 ab
1609 1353 1793 1392 Ecclesiis
1823 1354 2123 1404 particularibus
2144 1355 2266 1406 fiunt,
2296 1371 2364 1397 seu

1247 1410 1373 1461 potius
1402 1408 1451 1446 ab
1481 1421 1614 1445 eorum
1644 1406 1886 1444 pastoribus.

1308 1461 1396 1500 156.
1427 1460 1541 1514 Resp.
1572 1459 1681 1498 Nihil
1704 1460 1825 1511 magis
1846 1457 1989 1499 falsum
2017 1460 2094 1499 dici
2117 1474 2220 1512 posse
2237 1489 2247 1501 .
2277 1463 2360 1502 Pri-

1246 1528 1312 1553 1110
1339 1515 1442 1553 euim
1464 1514 1637 1553 Ecclesia
1667 1512 1894 1552 universalis
1925 1516 1963 1552 in
1984 1514 2165 1553 Conciliis
2194 1530 2367 1555 oecttme-

1245 1569 1344 1607 nicis
1372 1576 1598 1620 congregata
1627 1566 1800 1618 judicat,
1845 1566 2004 1615 definit,
2048 1568 2182 1617 docet,
2225 1571 2364 1609 conde-

1249 1630 1383 1660 mnat.
1412 1622 1454 1659 Id
1484 1622 1631 1659 factum
1661 1629 1714 1658 est
1743 1621 1782 1658 in
1814 1621 1893 1672 ipso
1922 1620 2109 1659 Ecclesiae
2139 1624 2291 1661 exordio
2311 1625 2362 1663 ab

1249 1675 1520 1728 Apostolorum
1548 1673 1750 1721 Concilio,
1797 1672 1831 1708 ἃ
1861 1683 1986 1725 postea
2015 1676 2153 1713 secutis
2181 1679 2365 1728 tempori-

1247 1728 1340 1776 bus,
1371 1730 1686 1780 quotiescumque
1706 1740 1801 1779 opus
1831 1727 1902 1764 fuit
1922 1739 1930 1763 ε
1960 1728 2095 1765 deinde
2116 1731 2267 1781 quando
2288 1730 2365 1769 Ec-

1249 1782 1376 1820 clesi'ae
1407 1780 1656 1834 particulares
1678 1811 1687 1829 ,
1718 1794 1783 1818 seu
1804 1781 2027 1818 earumdem
2049 1780 2214 1820 Pastore-s
2243 1783 2360 1822 simul

1246 1836 1430 1874 uniuntur
1459 1837 1500 1873 iu
1529 1835 1661 1887 aliquo
1688 1835 1864 1884 dogmate
1892 1835 2162 1886 proponendo,
2205 1835 2267 1873 vel
2295 1849 2364 1888 op-

1248 1890 1379 1941 positis
1425 1888 1620 1926 erroribus
1662 1887 1988 1934 condemnandis,
2035 1901 2082 1924 ex
2124 1888 2364 1939 singulorum

1246 1943 1444 1981 communi
1473 1954 1660 1979 consensu
1690 1938 1843 1977 resultat
1879 1939 2068 1989 generalis
2097 1943 2209 1980 totius
2230 1942 2365 1981 Eccle-

1247 1996 1315 2032 siae
1335 1994 1536 2041 definitio,
1566 1993 1599 2028 St
1620 1993 1823 2030 doctrina.
1853 1991 1988 2044 Neque
2011 2006 2099 2030 vero
2129 1996 2169 2034 in
2204 1995 2274 2033 hac
2295 2011 2364 2034 au-

1247 2048 1419 2084 ctoritate
1447 2045 1659 2085 exercenda
1688 2047 1900 2098 requiritur
1921 2046 2057 2098 populi
2079 2061 2149 2086 vox
2166 2079 2176 2095 ,
2206 2059 2271 2087 aut
2299 2050 2364 2088 de-

1247 2100 1402 2145 finiti03
1433 2113 1522 2137 nam
1551 2099 1636 2136 haec
1664 2100 1870 2136 auctoritas
1898 2108 2039 2149 spectat
2069 2101 2117 2136 ad
2147 2101 2365 2141 Ecclesiam

1247 2154 1446 2191 docentem
1464 2182 1474 2199 ‚
1504 2165 1625 2202 quam
1645 2150 1810 2188 Pastores
1838 2152 2095 2190 constituunt.
2125 2153 2363 2206 Quanquam

1248 2219 1318 2243 nec
1348 2206 1449 2243 deest
1477 2206 1593 2243 etiam
1623 2203 1759 2256 populi
1788 2217 2018 2252 consensus,
2047 2206 2115 2256 qui
2145 2208 2182 2244 id
2212 2209 2360 2257 credit,

1247 2258 1352 2311 quod
1370 2257 1545 2296 Ecclesia
1561 2257 1697 2294 docens
1725 2255 1784 2294 illi
1806 2256 2038 2296 credendum
2066 2262 2242 2311 proponit
2273 2261 2331 2311 (b)
2348 2287 2361 2301 .

1310 2310 1397 2362 167.
1427 2310 1542 2349 Dices
1571 2309 1723 2349 adhuc.
1770 2309 1812 2348 Si
1842 2312 2057 2349 communis
2102 2312 2229 2351 fuisset
2264 2315 2363 2354 olim

1247 2364 1557 2404 Christianorum
1585 2364 1780 2411 doctrina,
1816 2362 2029 2405 Ecclesiam
2061 2363 2363 2421 haberevsupre·

1249 2432 1382 2467 mam,
1412 2416 1446 2453 8<
1476 2416 1725 2456 infallibilem
1756 2415 1952 2468 judicandi
1985 2427 2201 2469 potestatem
2219 2449 2230 2469 ,
2272 2421 2362 2460 nul-

1246 2469 1296 2510 lae
1327 2484 1499 2524 unquam
1529 2472 1686 2509 fuissent
1728 2469 1918 2518 haereses,
1961 2470 1995 2506 8<
2024 2472 2130 2514 nulla
2173 2473 2357 2515 schisma-

1244 2535 1312 2572 ta3
1342 2538 1430 2578 quae
1461 2534 1587 2563 tamen
1618 2537 1768 2575 semper
1795 2523 2013 2563 Ecclesiam
2043 2525 2098 2575 ab,
2123 2528 2205 2579 ipso
2233 2530 2290 2566 sui
2321 2542 2360 2566 e·

1243 2579 1377 2617 xordio
1406 2577 1652 2617 afflixerunt.
1696 2577 1883 2618 Praeterea
1912 2578 2045 2616 saltem
2082 2578 2186 2618 {runc
2216 2581 2253 2618 in
2282 2581 2360 2621 Ec·

1241 2632 1358 2672 clesia
1376 2631 1546 2678 Romana
1575 2631 1691 2669 nullae
1722 2644 1798 2670 esse
1826 2631 2007 2670 deberent
2037 2632 2282 2686 Theologicae
2312 2635 2362 2674 il-

1241 2686 1290 2724 lae
1321 2686 1616 2732 controversiae,
1659 2697 1749 2736 quae
1792 2683 1887 2722 olim
1929 2687 2130 2735 excitatas,
2173 2702 2247 2726 uon
2276 2692 2358 2729 sine

1243 2741 1349 2792 gravi
1380 2738 1556 2777 fidelium
1584 2738 1763 2777 scandalo
1783 2767 1794 2786 ,
1824 2751 1869 2776 ac
1889 2738 2118 2778 detrimento
2146 2740 2270 2781 adhuc
2291 2742 2358 2781 110-

1243 2795 1305 2832 die
1362 2793 1568 2830 erdurant.
2220 2820 2226 2828 .
2360 2810 2362 2818 ·

1304 2845 1393 2895 108.
1425 2844 1614 2897 Respond.
1640 2845 1801 2897 ,primae
1830 2843 2074 2895 difficultati,
2123 2847 2153 2886 si
2189 2847 2285 2902 quid
2311 2862 2357 2891 ea

1245 2899 1415 2948 valeret,
1444 2900 1561 2937 etiam
1592 2897 1882 2949 Apostolorum,
1925 2908 2037 2951 atque
2066 2902 2187 2953 ipsius
2215 2899 2357 2942 Christi

1244 2954 1527 3000 auctoritatem,
1556 2965 1645 3004 quae
1676 2961 1775 2990 certe
1805 2966 1956 2991 summa
1977 2963 2081 3002 erat,
2112 2954 2145 2990 8t
2167 2955 2357 2995 infallibi-

1244 3006 1313 3056 lis,
1334 3019 1508 3045 eversum
1528 3006 1598 3051 iri3
1629 3004 1789 3053 lraereses
1805 3007 1904 3044 enim
1922 3037 1933 3056 ,
1964 3006 1998 3044 δι
2018 3007 2222 3047 schismata
2239 3012 2352 3048 etiam

2244 3064 2296 3101 Α-

1241 3137 1437 3172 Ecclesiam
1463 3136 1700 3170 universalem
1726 3137 1845 3182 loqui,
1870 3136 2016 3178 docere,
2048 3137 2228 3184 judicare,
2269 3150 2351 3171 con-

1240 3183 1405 3217 demnare
1431 3187 1495 3216 ἃς.
1521 3183 1683 3217 Ostendit
1710 3184 1873 3229 insuper,
1898 3197 2005 3229 quam
2024 3185 2110 3219 falsa
2129 3187 2171 3218 sit
2193 3185 2263 3217 ide-1
2281 3185 2348 3217 Ec-

1241 3231 1354 3264 clesiae
1381 3232 1588 3264 uniuersalis
1613 3231 1758 3264 affJurio
1785 3231 1925 3264 conficta
1941 3253 1951 3271 ,
1976 3243 2054 3276 quae
2081 3232 2210 3265 scilicet
2229 3242 2347 3265 omnes

1240 3277 1527 3318 communiones,
1565 3283 1644 3323 quae
1670 3278 1893 3323 appellantur
1920 3277 2150 3317 Christianae,
2181 3288 2244 3312 suo
2267 3277 2347 3312 sinu

1241 3323 1487 3369 complectatur
1506 3346 1516 3358 .
