2564 3706
831 132 912 176 DE
945 131 1132 176 NOTIS
1164 129 1412 176 ECCLES.
1448 129 1739 174 PROTEST.

179 214 270 255 230.
299 212 470 253 insinuat
499 223 652 266 quoque
672 210 816 251 ibidem
838 213 957 252 aliam
978 213 1095 265 hujus
1122 215 1238 252 omis-

107 269 242 306 ‘sionis
273 281 427 306 causam
445 297 455 315 ,
485 268 576 320 quia
607 280 743 320 nempe
772 267 818 304 de
848 269 928 319 ipsa
949 267 1134 306 doctrinae
1165 282 1238 320 pu-

120 322 231 361 ritate
260 322 515 359 controversia
563 321 717 373 vigebat
745 335 834 359 cum
865 322 941 359 suis
983 322 1238 368 adversariis;

119 374 221 412 unde
251 375 404 413 subdit:
434 383 472 423 ut
503 387 596 426 ergo
625 373 731 412 lianc
751 378 939 412 omittam
968 379 1236 426 sapientiam,

117 439 245 478 quam
274 431 315 465 in
344 427 534 466 Ecclesia
564 440 650 466 esse
692 428 892 466 catholica
934 441 1016 466 non
1045 429 1204 467 creditis
1226 459 1237 477 ,

117 480 250 518 multa
278 492 369 520 sunt
399 482 486 520 alia
503 512 513 530 ,
543 494 633 531 quoe
653 485 693 518 in
724 483 811 527 ejus
830 486 986 534 gremio
1008 496 1072 520 me
1095 484 1234 535 justis-

119 537 223 572 sime
252 544 408 574 tenent.
438 534 495 572 Et
524 534 572 572 cle
603 539 702 573 unit.
731 535 931 574 Ecclesiae
960 550 1046 588 cap.
1071 537 1107 575 5.
1129 550 1236 574 num.

117 599 158 640 9.
188 587 244 625 Et
287 590 385 637 illa,
434 590 586 641 inquit,
630 593 790 627 interim
838 589 1070 641 seponenda
1112 600 1235 639 sunt,

115 654 208 692 quce
226 670 236 680 .
253 669 263 681 .
282 670 292 681 .
310 670 320 681 .
337 643 387 683 <9⁶
415 642 636 680 secundum
665 657 739 681 nos
754 674 764 691 ,
808 645 857 683 (9'
887 643 1106 681 secundum
1150 644 1237 681 illos

115 705 279 745 possunt
310 699 594 746 interpretari.
625 696 701 735 Est
731 697 890 749 quidem
933 695 1138 735 mdiorum
1169 697 1235 735 lto-

115 753 272 786 minum
315 749 560 803 dijudicare,
605 760 724 802 atque
766 750 1026 799 discernere,
1069 754 1155 801 quis
1184 764 1236 789 ea

112 802 351 853 probabilius
379 808 657 856 interpretetur
672 835 682 853 ,
713 804 782 842 seii
802 805 986 842 nolumus
1007 808 1048 841 in
1075 804 1151 842 lias
1174 808 1237 842 ina

105 860 326 907 ‚geniorum
356 863 660 907 contentiones,
705 862 746 895 in
777 872 827 895 ea
858 871 988 896 causa
1009 888 1019 906 ,
1050 871 1139 908 quae
1168 871 1234 907 po-

103 911 224 961 pulos
252 920 360 950 tenet
376 942 386 961 ,
416 922 602 950 nostram
623 912 932 962 disputationem
953 916 1207 950 committere
1225 937 1235 949 .

110 962 164 1002 lta
193 965 410 1018 disputatur
438 968 616 1004 omnium
646 967 888 1003 cautissimus
909 964 950 1001 S.
974 964 1234 1014 Augustinus.

168 1019 261 1058 251.
290 1020 429 1057 Contra
459 1032 548 1058 vero
576 1018 820 1056 Protestantes
853 1017 946 1053 dum
980 1018 1233 1065 contendunt,

114 1070 267 1122 solam,
298 1081 363 1111 aut
394 1073 639 1125 praecipuam
668 1083 770 1107 verae
802 1069 988 1107 Ecclesiae
1020 1078 1149 1108 notam
1178 1084 1234 1108 es-

113 1138 152 1162 se
173 1126 356 1164 doctrinae
387 1127 621 1177 puritatem,
649 1136 716 1161 nos
745 1123 932 1161 deducere
961 1122 1094 1162 volunt
1123 1124 1162 1162 in
1184 1123 1231 1162 il-

111 1176 195 1216 lum
226 1179 572 1216 controversiarum
615 1175 914 1229 labyrinthum,
963 1177 1065 1214 unde
1107 1179 1230 1216 exitus

108 1231 277 1269 inveniri
305 1243 383 1270 non
413 1232 556 1283 possit.
585 1230 635 1269 Et
663 1230 857 1283 quomodo
874 1260 886 1278 ,
915 1232 1082 1279 amabo,
1126 1240 1231 1283 pote-

107 1284 160 1322 rit
188 1283 332 1337 aliquis
360 1294 463 1322 certo
490 1284 638 1336 judicio
666 1283 889 1333 affirmare,
920 1293 1060 1322 sectam
1082 1298 1142 1322 ex.
1170 1299 1229 1337 gr.

109 1336 424 1376 Lutlieranorum
454 1352 585 1377 veram
615 1352 693 1376 esse
724 1337 939 1376 Ecclesiam
970 1338 1044 1376 Dei
1075 1348 1231 1391 propter

106 1403 249 1443 puram
267 1421 278 1440 ,
307 1405 396 1444 quae
428 1392 466 1429 in
490 1405 534 1430 ea
553 1392 600 1431 sit
616 1422 627 1441 ,
657 1391 766 1430 verbi
787 1391 861 1430 Dei
883 1391 1198 1444 praedicationem
1217 1423 1228 1441 ,

109 1458 202 1483 cum
230 1458 304 1483 non
333 1446 505 1498 ignoret,
535 1445 711 1483 eamdem
741 1454 881 1484 sectam
912 1459 987 1484 non
1016 1461 1038 1484 a
1057 1445 1228 1484 Catholi-

109 1499 166 1536 cis
195 1497 346 1547 solum,
390 1500 454 1538 sed
496 1500 612 1538 etiam
643 1515 665 1538 a
693 1498 911 1537 Calvinistis
930 1530 940 1548 ,
981 1498 1226 1549 Soeinianis,

106 1551 272 1605 aliisque
288 1553 476 1601 accusari,
506 1554 607 1605 quod
636 1553 798 1591 verbum
821 1553 893 1591 Dei
924 1554 1123 1604 insigniter
1144 1567 1226 1592 cor-

108 1605 289 1658 ruperit?
317 1607 424 1645 Idem
453 1607 602 1645 dicatur
621 1607 666 1644 de
686 1608 820 1644 ceteris
848 1607 1030 1645 omnibus
1051 1621 1226 1646 commu·

107 1659 291 1698 nionibus
312 1690 324 1709 ,
353 1661 400 1699 de
429 1674 597 1712 quarum
625 1659 850 1699 orthodoxia
880 1659 964 1698 lites
993 1661 1124 1713 vigent
1153 1662 1228 1703 im-

105 1713 286 1752 mortales
303 1740 315 1752 .

161 1767 252 1806 252.
284 1766 519 1819 Hujusmodi
561 1776 690 1807 autem
720 1767 956 1817 difficultas,
1004 1783 1093 1822 quae
1124 1779 1227 1808 certe

103 1822 332 1873 gravissima
361 1830 440 1870 est,
470 1820 597 1860 adhuc
627 1820 752 1874 major
776 1821 971 1872 efficitur,
1001 1824 1033 1861 si
1054 1824 1226 1862 conside-

102 1886 234 1911 remus
256 1903 267 1922 ,
310 1875 414 1927 quod
444 1875 653 1913 adversarii
683 1890 779 1928 pene
807 1888 939 1914 omnes
981 1876 1143 1926 docent,
1186 1891 1225 1914 e-

102 1928 198 1965 tiam
229 1929 267 1965 in
297 1941 388 1967 vera
416 1928 592 1967 Ecclesia
623 1942 729 1981 posse
767 1929 962 1968 doch-inas
992 1931 1121 1969 minus
1150 1946 1223 1982 pu-

99 1992 162 2018 ras
204 1981 438 2031 praedicari,
482 1996 552 2020 nec
580 1995 650 2031 per
690 1982 906 2034 quamlibet
949 1985 1221 2034 corruptelam

98 2046 246 2072 cessare
289 2047 419 2072 veram
448 2034 664 2072 Ecclesiam
695 2036 797 2080 Dei3
844 2037 907 2072 sed
936 2044 1025 2073 tuuc
1066 2036 1190 2074 solum
1210 2067 1221 2085 ,

99 2088 257 2140 quando
286 2086 506 2139 corruptela
526 2088 574 2126 ad
594 2086 736 2140 punita
757 2089 1016 2136 essentialia,
1047 2103 1114 2128 seu
1131 2120 1142 2138 ,
1179 2099 1221 2129 ut

96 2140 174 2193 ipsi
204 2140 439 2194 loquuntur,
457 2139 806 2193 fundamentalia
834 2155 872 2179 se
901 2142 1100 2181 extendit.
1139 2142 1222 2180 Pri-

96 2207 162 2233 mo
180 2196 283 2233 enim
300 2196 386 2247 quis
401 2204 505 2233 certo
524 2194 797 2232 determinabit
815 2224 826 2241 ‚
855 2208 1039 2246 quaenam
1060 2196 1133 2233 sint
1153 2196 1220 2233 do-

96 2256 225 2300 gmata
253 2248 446 2300 religionis
462 2246 835 2298 fundamentalia,
866 2248 899 2283 &
930 2261 1116 2300 quaenam
1145 2250 1220 2286 mi-

98 2315 173 2341 nus
215 2299 457 2341 necessaria?
500 2301 649 2339 Deinde
678 2302 765 2354 quis
805 2309 884 2339 tam
929 2300 1072 2350 facile,
1115 2302 1221 2341 rudis

99 2357 324 2408 praecipue,
354 2354 400 2392 de
421 2355 538 2393 variis
566 2354 796 2408 corruptelae
811 2354 996 2407 gradibus
1024 2354 1220 2407 judicium

96 2407 222 2446 feret?
251 2408 363 2455 Quod
393 2416 521 2446 tamen
549 2407 742 2460 judicium
771 2411 1030 2448 necessarium
1059 2411 1220 2448 omnino

99 2469 182 2510 est,
211 2462 243 2499 si
273 2475 319 2499 ex
348 2460 533 2500 doetrinae
564 2463 728 2515 puritate
748 2476 882 2502 veram
903 2462 1121 2502 Ecclesiam
1141 2463 1217 2503 Dei

97 2516 320 2568 dignoscere
349 2514 558 2554 debeamus
588 2516 683 2568 (a).

154 2569 246 2608 233.
278 2569 380 2607 Hinc
427 2579 571 2608 veteres
612 2568 799 2609 Ecclesiae
830 2568 958 2608 Patres
998 2571 1123 2622 potius
1164 2571 1215 2609 ab

99 2622 276 2661 Ecclesia
306 2636 385 2661 esse
404 2637 535 2662 veram
557 2623 665 2661 verbi
694 2623 817 2663 divini
838 2623 1132 2674 intelligentiam
1152 2625 1216 2664 de-
1268 2665 1270 2668 ,

94 2677 323 2716 sumendam
340 2676 541 2725 volebant,
571 2691 690 2729 quam
710 2690 756 2715 ex
776 2691 875 2729 pura
894 2677 1003 2715 verbi
1020 2677 1092 2717 Dei
1115 2692 1214 2730 prae-

43 2735 48 2744 “
95 2730 281 2770 dicatione
312 2731 615 2783 cognoscendam
636 2730 852 2769 Ecclesiam
871 2758 881 2769 .
911 2730 1027 2770 Plura
1058 2731 1156 2770 hanc
1177 2734 1216 2771 in

92 2797 181 2876 reg}
206 2798 342 2846 eorum
371 2786 585 2825 testimonia
626 2794 767 2839 praesto
804 2793 949 2834 essent,
994 2785 1058 2824 sed
1089 2799 1215 2838 pauca

93 2851 135 2877 su
185 2847 314 2879 eient.

139 2962 188 2998 (a)
215 2959 269 2992 Ex
287 2959 354 2994 hac
374 2961 552 2994 communi
570 2961 846 3003 protestantium
864 2960 1015 2995 doeh-ina
1034 2963 1121 2994 reae
1139 2961 1212 2995 col-

92 3003 230 3050 ligebat
256 3005 348 3039 Petr.
374 3008 536 3041 Nicolius
560 3009 595 3041 in
611 3009 712 3043 Toni.
729 3011 785 3043 ΙΙΙ.
813 3011 878 3043 des
905 3020 1034 3041 oeiwres
1061 3010 1104 3041 (le
1131 3020 1212 3042 con-

93 3059 247 3085 traverso
272 3064 302 3085 c.
334 3064 389 3097 19·
415 3053 544 3094 rudes,
572 3057 603 3087 δε
625 3055 778 3097 idiotas,
809 3057 870 3101 qui
899 3069 917 3089 a
943 3054 1073 3099 pseudo
1097 3056 1211 3089 refor-

88 3098 286 3134 matoribus
305 3099 423 3134 seduci
443 3113 477 3134 se
491 3102 752 3145 permiserunt,
777 3104 874 3136 nullo
891 3101 993 3136 modo
1011 3113 1109 3146 posse
1128 3114 1210 3147 pro-

87 3155 169 3191 pter
194 3146 432 3190 ignorantiam
459 3160 476 3180 a
504 3147 706 3183 schismatis
726 3150 873 3184 crimine
892 3149 1078 3189 excusari,
1105 3158 1208 3193 utpo-

91 3201 125 3226 te
151 3194 210 3238 qui
238 3194 282 3227 ab
309 3195 468 3228 Ecclesia
494 3195 679 3236 Romana,
705 3209 782 3241 quae
809 3198 845 3229 in
870 3205 964 3229 certa
991 3197 1206 3240 possessione

89 3248 167 3272 erat
186 3238 354 3274 doarinae
380 3240 484 3282 fidei,
528 3243 558 3273 ὃ(
583 3243 773 3276 ministerii
807 3251 1133 3283 sacramentorum,
1172 3254 1207 3275 se

89 3295 343 3329 segregarunt5
369 3288 456 3333 quin
482 3288 612 3321 scirent
628 3298 724 3329 ,aut
752 3291 840 3323 scire
891 3298 1030 3329 ossent‚
1056 3301 1133 3322 eam
1152 3300 1208 3322 er-

88 3343 193 3372 rare,
219 3333 405 3377 &quidem
423 3335 600 3379 graviter,
627 3336 662 3368 in
682 3337 841 3370 articulis
861 3302 1205 3370 iimdamentalibus.

91 3377 294 3417 Audiebant
321 3380 465 3426 quidem
489 3390 598 3424 tunc,
642 3382 747 3418 sicuti
771 3382 874 3418 modo
906 3381 1053 3419 audiunt
1078 3396 1098 3418 a
1132 3383 1205 3417 suis

159 3455 178 3482 μ

2273 134 2358 173 213

1363 211 1453 257 234.
1483 210 1523 248 S.
1555 212 1721 248 {remens
1751 208 1840 248 Lib.
1870 208 1960 247 aar.
1982 205 2098 247 Hoer.
2127 220 2214 261 cap.
2247 219 2283 244 2.
2318 206 2422 257 Quid

1307 269 1444 314 enim,
1487 265 1566 312 ait,
1609 264 1658 304 Εἰ)
1687 267 1720 300 si
1750 263 1797 300 cle
1827 264 1964 313 aliqua
2009 262 2168 301 moilica
2204 264 2422 312 quaestione

1306 319 1539 368 disceptatio
1567 326 1657 355 orta
1674 316 1849 368 fuisset,
1887 329 2021 353 nonne
2050 324 2245 367 oporteret
2274 319 2316 352 in
2345 327 2422 352 an—

1305 376 1551 425 tiquissimas
1580 382 1786 409 recurrere
1806 368 2015 407 Ecclesias
2033 399 2043 416 ,
2073 370 2121 410 v&
2150 368 2202 407 ab
2223 373 2268 407 iis
2287 366 2420 406 sume-

1305 440 1349 465 re
1379 427 1426 465 cle
1455 429 1644 479 praesenti
1673 426 1920 476 quaestione,
1957 422 2058 472 quod
2086 431 2267 470 certum,
2297 421 2346 463 ζῷ’
2375 422 2419 458 li-

1305 481 1467 532 quidum
1498 478 1597 517 est?
1640 478 1673 514 St
1702 492 1789 530 cap.
1813 476 1850 516 5.
1881 475 2040 528 loquens
2069 475 2114 512 de
2144 475 2316 514 Ecclesia
2348 474 2420 513 Ro-

1305 549 1420 573 mana
1438 565 1448 582 ,
1479 533 1534 571 ad
1562 533 1668 571 hanc
1694 531 1956 577 Ecclesiam,
1986 529 2140 581 inquit,
2168 538 2324 579 propter
2353 542 2420 579 po-

1303 593 1514 626 tentiorem
1545 586 1671 639 (vel,
1702 595 1741 623 ut
1770 584 1838 623 alii
1866 584 2025 636 legunt,
2055 583 2283 633 potiorem)
2313 587 2420 632 prin-

1304 643 1552 692 cipalitatem
1596 652 1760 679 necesse
1801 646 1861 677 est
1895 649 2061 675 omnem
2102 639 2310 674 convenire
2339 634 2420 674 Ec-

1306 698 1473 734 clesiam
1490 722 1500 733 .

1359 751 1451 789 255.
1483 747 1747 787 Tertullianus
1777 754 1904 785 autem
1934 744 1983 783 de
2004 743 2234 794 Praescript.
2265 742 2421 781 Haeret.

1301 816 1390 854 cap.
1414 817 1478 840 21.
1513 802 1616 851 Quill
1636 801 1940 852 praedicaverint
1961 799 2158 848 Apostoli,
2188 799 2268 845 ait,
2298 795 2419 844 idest,

1307 856 1398 906 quid
1417 857 1494 894 illis
1518 856 1692 893 Clzristus
1708 855 1960 902 revelaverit,
1982 854 2030 894 ἐν
2051 851 2113 890 hic
2132 850 2395 905 praescribam
2409 879 2419 898 ,

1307 922 1389 946 non
1419 911 1538 947 aliter
1566 908 1724 961 probari
1754 908 1918 956 debere,
1948 911 2026 945 nisi
2054 919 2124 956 per
2151 904 2317 944 easdem
2337 903 2419 941 Ec-

1303 962 1470 1012 clesias,
1501 976 1603 1013 quas
1633 967 1705 1013 ipsi
1734 962 1913 1014 Apostoli
1942 957 2243 999 condiderunt?

1359 1016 1452 1054 256.
1482 1016 1523 1053 S.
1555 1017 1653 1067 Aug.
1672 1016 1763 1055 Lib.
1786 1017 1813 1054 l.
1836 1023 1979 1053 contra
2002 1014 2274 1052 Crescentium
2295 1026 2330 1051 c.
2354 1011 2419 1051 25.

1301 1067 1417 1106 Tom.
1437 1069 1508 1108 IX.
1539 1083 1651 1119 agens
1679 1070 1724 1105 de
1767 1070 1993 1121 gravissima
2024 1068 2292 1120 Anabaptismi
2334 1080 2418 1104 ma—

1299 1122 1422 1170 teria,
1466 1121 1566 1169 hanc
1596 1122 1770 1173 regulam
1798 1123 1968 1170 statuit„
1995 1135 2085 1172 quae
2114 1121 2194 1159 siue
2232 1120 2350 1158 dubio
2379 1120 2417 1156 in

1299 1175 1388 1214 aliis
1418 1175 1592 1214 materiis
1634 1177 1750 1213 etiam
1779 1173 1900 1212 valet:
1942 1177 2116 1224 quisquis
2146 1173 2249 1225 falli
2279 1176 2418 1209 metuit

1298 1228 1317 1265 li
1326 1232 1415 1282 ujus
1435 1228 1675 1267 obscuritate
1691 1230 1921 1281 quaestionis
1939 1256 1949 1274 ,
1970 1226 2162 1264 eamdem
2183 1225 2417 1263 Ecclesiam

1299 1282 1347 1319 de
1376 1283 1446 1320 illa
1475 1283 1659 1320 consulat
1680 1313 1690 1330 ,
1720 1295 1845 1333 quam
1873 1285 1960 1318 sine
1980 1280 2063 1318 ulla
2092 1279 2355 1330 ambiguitate
2375 1278 2417 1316 S.

1297 1336 1504 1389 Scriptura
1533 1336 1812 1374 demonstrat.
1843 1334 1929 1373 Non
1950 1335 2082 1386 itaque
2112 1333 2243 1373 volunt
2271 1334 2332 1371 isti
2348 1331 2418 1370 Pa-

1298 1399 1400 1440 tres,
1437 1404 1484 1428 ex
1513 1389 1688 1428 doEtrina
1730 1388 2034 1441 cognoscendam
2064 1400 2143 1427 esse
2171 1386 2417 1435 Ecclesiam,

1297 1445 1361 1483 sed
1402 1446 1527 1498 potius
1564 1457 1609 1481 ex
1640 1442 1815 1482 Ecclesia
1852 1440 2090 1482 dostrinam.
2133 1441 2184 1479 Et
2218 1441 2417 1479 notissima

1295 1499 1453 1551 insuper
1481 1506 1535 1536 est
1565 1496 1631 1535 illa
1661 1497 1832 1549 ejusdem
1864 1495 1904 1534 S.
1936 1495 2141 1546 Augustini
2169 1507 2241 1533 vox
2272 1502 2416 1532 contra

1294 1553 1445 1603 epistol.
1475 1551 1679 1603 fundam.
1709 1566 1796 1603 cap.
1821 1551 1856 1587 5.
1900 1547 2128 1600 Evangelio
2164 1561 2248 1586 non
2278 1547 2415 1586 crecle-

1294 1619 1382 1644 rem
1403 1636 1414 1654 ,
1444 1609 1521 1643 nisi
1551 1619 1617 1644 me
1646 1603 1847 1643 Ecclesiae
1876 1610 2142 1642 commoveret
2170 1600 2414 1639 auHoritas.

1296 1660 1352 1698 Ac
1381 1660 1540 1698 demum
1571 1658 1698 1698 adhuc
1727 1658 1870 1697 clarius
1901 1658 1937 1694 in
1967 1656 2067 1696 Psal.
2098 1655 2201 1694 LVI.
2231 1669 2342 1694 num.
2373 1655 2413 1693 6.

1296 1713 1411 1752 Tom.
1433 1713 1502 1753 lV.
1532 1714 1578 1751 de
1600 1713 1797 1751 haereticis
1827 1711 1985 1764 loquens
2006 1712 2082 1750 ait:
2115 1709 2209 1748 Ideo
2238 1723 2332 1762 ergo
2352 1722 2413 1748 er·-

1293 1777 1484 1806 rat'erunt
1513 1781 1540 1805 a
1570 1776 1733 1815 ventre,
1762 1769 1855 1818 quia
1885 1766 2004 1803 locuti
2031 1773 2123 1802 sunt
2139 1764 2265 1816 falsa
2285 1763 2309 1801 ?
2355 1776 2413 1801 an

1293 1826 1422 1873 potius
1451 1821 1539 1860 ideo
1569 1823 1689 1860 locuti
1717 1830 1809 1858 sunt
1824 1819 1949 1871 falsa
1967 1849 1977 1867 ,
2007 1821 2102 1868 quia
2131 1826 2363 1855 erraverunt
2383 1829 2413 1854 a

1291 1874 1467 1915 ventre?
1508 1874 1556 1913 In
1585 1884 1720 1913 ventre
1749 1878 1887 1926 quippe
1916 1871 2118 1909 Ecclesiae
2147 1875 2292 1910 veritas
2321 1884 2412 1908 ma—

1292 1940 1384 1967 net.
1418 1928 1603 1979 Quisquis
1632 1927 1684 1966 ab
1712 1927 1784 1965 lzoc
1810 1936 1947 1964 ventre
1968 1924 2169 1964 Ecclesice
2197 1933 2413 1976 separatus

1279 1981 1415 2032 fuerit
1436 2011 1447 2030 ,
1477 1995 1640 2019 necesse
1670 1991 1754 2028 est,
1784 1989 1825 2017 ut
1841 1979 1967 2031 falsa
1997 1979 2209 2029 loquatur.

1347 2035 1439 2086 257.
1470 2034 1676 2086 Objiciunt
1700 2034 1921 2073 Adversarii
1952 2035 2081 2085 primo
2100 2045 2176 2070 non
2198 2045 2321 2084 pauca
2342 2031 2412 2071 Sa-

1263 2093 1367 2127 *crae
1389 2089 1601 2141 Scripturae
1632 2089 1742 2135 loca,
1773 2087 1916 2140 quibus
1945 2087 2087 2124 dicitur
2107 2115 2118 2134 ,
2147 2099 2236 2123 oves
2269 2085 2410 2123 Clzristi

1289 2155 1425 2180 rocem
1454 2144 1541 2194 ejus
1569 2141 1709 2178 audire
1737 2140 1877 2178 Joann.
1906 2139 1959 2176 X.
1993 2152 2085 2189 27.,
2115 2151 2188 2176 nos
2218 2138 2411 2177 mundari

1289 2196 1452 2232 lavacro
1481 2208 1600 2245 aquae
1629 2198 1671 2231 in
1700 2194 1810 2231 verbo
1838 2196 1928 2231 vitoe
1957 2192 2098 2245 Ephes.
2120 2191 2193 2240 V.,
2226 2191 2290 2230 26.
2308 2223 2319 2241 ,
2349 2194 2410 2231 of-

1287 2249 1424 2287 ficium
1453 2248 1642 2286 Ecclesiae
1686 2261 1764 2285 esse
1795 2246 2007 2298 praedicare
2042 2244 2329 2298 Evangelium,
2372 2246 2407 2284 ἃ

1288 2301 1483 2354 baptizare
1513 2301 1655 2340 Matth.
1678 2300 1864 2339 XXVIII.
1901 2313 1961 2352 19.
1991 2314 2036 2338 ac
2064 2300 2222 2338 demum
2252 2298 2337 2338 haec
2366 2313 2407 2338 o-

1287 2357 1398 2395 mnia
1445 2370 1524 2394 esse
1566 2356 1665 2394 dona
1694 2355 1782 2393 Jesu
1811 2353 1952 2392 Christi
1982 2353 2168 2392 Ecclesiae
2214 2355 2371 2408 propria
2393 2384 2405 2403 ‚

1287 2410 1430 2462 quibus
1459 2425 1482 2448 a
1510 2408 1616 2448 falsis
1645 2409 1914 2461 distinguitur,
1958 2407 2060 2445 unde
2102 2407 2301 2456 inferunt,
2339 2421 2405 2447 ve-

1283 2477 1345 2503 ras
1375 2463 1561 2502 Ecclesiae
1591 2472 1700 2501 notas
1721 2493 1731 2511 ,
1761 2462 1902 2515 quibus
1931 2462 2200 2513 dignoscatur,
2243 2474 2319 2499 non
2347 2476 2405 2501 es-

1283 2531 1348 2567 se,
1377 2518 1451 2556 nisi
1482 2531 1621 2569 puram
1652 2517 1760 2555 verbi
1792 2516 1865 2554 Dei
1897 2516 2213 2568 praedicationem
2235 2545 2247 2565 ,
2285 2514 2320 2552 ἃ
2347 2514 2403 2554 le-

1283 2573 1464 2624 gitimum
1496 2571 1837 2609 Sacrameutorum
1869 2583 2008 2609 usum.

1340 2624 1431 2665 258.
1463 2623 1576 2676 Resp.
1615 2624 1665 2662 Ut
1695 2624 1845 2678 aliquid
1875 2625 1919 2661 sit
1949 2622 2136 2662 Ecclesiae
2167 2631 2252 2661 nota
2274 2653 2284 2672 ,
2323 2635 2402 2664 non

1282 2679 1486 2727 sufficere,
1530 2678 1628 2716 illud
1660 2680 1698 2716 in
1728 2692 1814 2717 vera
1846 2677 2020 2716 Ecclesia
2051 2680 2177 2730 reipsa
2205 2678 2400 2727 inveniri,

1283 2744 1349 2772 aut
1377 2733 1647 2772 essentialiter
1675 2731 1734 2770 illi
1765 2740 2007 2784 competere,
2051 2741 2114 2769 aut
2143 2732 2301 2770 demum
2332 2745 2401 2786 per

1281 2787 1382 2826 illud
1412 2801 1496 2825 eam
1528 2801 1545 2824 a
1579 2786 1732 2825 Satanae
1763 2785 1977 2838 Synagogis
2008 2786 2218 2837 distingui,
2249 2785 2312 2824 sed
2341 2799 2401 2823 re-

1282 2843 1387 2895 quiri
1417 2840 1603 2889 ulterius,
1634 2849 1676 2879 ut
1705 2839 1804 2878 illud
1834 2841 1875 2878 in
1895 2840 2070 2878 omnium
2099 2839 2228 2878 oculos
2260 2841 2312 2878 ita
2340 2840 2399 2878 in·-

2254 2907 2343 2931 cur—

1278 2961 1654 3007 pseu‹l0·pastoribus‚
1697 2960 1894 2994 Ecclesiam
1920 2969 2078 2996 nostram
2104 2960 2396 3005 gravissimorum

1278 3021 1437 3042 errorum
1465 3010 1500 3042 in
1525 3007 1614 3048 fide,
1643 3011 1673 3041 &
1697 3008 1854 3042 moribus
1880 3009 2064 3048 accusari,
2091 3006 2149 3041 sed
2175 3007 2264 3041 nihil
2283 3008 2394 3049 magis

1279 3055 1451 3099 injustum
1468 3078 1479 3096 ‚
1506 3066 1668 3100 sanaeque
1695 3055 1822 3088 rationi
1850 3056 2096 3096 contrarium,
2138 3067 2243 3100 quam
2269 3053 2394 3096 hujus-

1276 3102 1370 3135 modi
1399 3102 1682 3135 accusationibus
1709 3100 1812 3135 fidem
1838 3101 2027 3143 adhihere,
2053 3102 2261 3146 priusquam
2287 3101 2394 3132 scire—

1278 3157 1360 3190 tur,
1398 3159 1456 3182 aut
1484 3149 1566 3182 sciri
1594 3158 1732 3193 posset,
1771 3161 1829 3182 eas
1855 3160 1928 3182 esse
1954 3149 2155 3193 legitimas,
2195 3151 2225 3180 &
2251 3155 2390 3186 σει-[ως

1275 3197 1452 3241 praecipue
1479 3208 1557 3228 cum
1586 3204 1669 3228 tunc
1696 3194 1881 3236 viderent,
1907 3199 1938 3228 ἀ
1964 3195 2077 3228 adhuc
2103 3193 2269 3232 videant,
2298 3193 2390 3225 mul-

1274 3251 1327 3276 tos
1343 3264 1353 3283 ‚
1379 3243 1605 3287 gravissimos
1620 3264 1631 3282 ,
1658 3241 1871 3276 (lodiissimos
1887 3264 1897 3282 ,
1924 3251 2027 3286 atque
2048 3241 2309 3284 integerrimos,
2335 3239 2390 3272 vi—

1274 3301 1330 3322 ros
1359 3290 1460 3323 Rom.
1479 3290 1576 3323 Eccl.
1603 3298 1804 3322 constanter
1819 3311 1829 3330 ‚
1856 3293 1887 3322 &
1907 3286 2272 3322 indivulse-adhaerere
2287 3307 2295 3317 .
2322 3283 2389 3320 Sed

1275 3336 1310 3370 id
1335 3337 1470 3372 obiter.
1499 3335 1580 3373 Vid.
1606 3336 1688 3371 infr.
1715 3349 1750 3370 n.
1781 3337 1861 3382 193·
1889 3339 1920 3369 &
1944 3345 2016 3380 seq.
