<?xml version="1.0" encoding="UTF-8"?>
<!DOCTYPE html PUBLIC "-//W3C//DTD XHTML 1.0 Transitional//EN"
    "http://www.w3.org/TR/xhtml1/DTD/xhtml1-transitional.dtd">
<html xmlns="http://www.w3.org/1999/xhtml" xml:lang="en" lang="en">
 <head>
  <title>
</title>
<meta http-equiv="Content-Type" content="text/html;charset=utf-8" />
  <meta name='ocr-system' content='tesseract 3.04.00' />
  <meta name='ocr-capabilities' content='ocr_page ocr_carea ocr_par ocr_line ocrx_word'/>
</head>
<body>
  <div class='ocr_page' id='page_1' title='image "./fratrispetrimari01gazzuoft_0014.png"; bbox 0 0 2504 3710; ppageno 0'>
   <div class='ocr_carea' id='block_1_1' title="bbox 193 108 227 142">
    <p class='ocr_par' dir='ltr' id='par_1_1' title="bbox 193 108 227 142">
     <span class='ocr_line' id='line_1_1' title="bbox 193 108 227 142; baseline 0 0"><span class='ocrx_word' id='word_1_1' title='bbox 193 108 227 142; x_wconf 83' lang='lat' dir='ltr'>X</span> 
     </span>
    </p>
   </div>
   <div class='ocr_carea' id='block_1_2' title="bbox 114 178 2351 3068">
    <p class='ocr_par' dir='ltr' id='par_1_2' title="bbox 126 178 2338 647">
     <span class='ocr_line' id='line_1_2' title="bbox 129 178 2336 249; baseline 0.005 -24"><span class='ocrx_word' id='word_1_2' title='bbox 129 182 222 235; x_wconf 85' lang='lat' dir='ltr'>sio,</span> <span class='ocrx_word' id='word_1_3' title='bbox 259 179 440 236; x_wconf 87' lang='lat' dir='ltr'>Bertio,</span> <span class='ocrx_word' id='word_1_4' title='bbox 476 178 805 238; x_wconf 84' lang='lat' dir='ltr'>Contensonio,</span> <span class='ocrx_word' id='word_1_5' title='bbox 843 183 997 239; x_wconf 78' lang='lat' dir='ltr'>Serio,</span> <span class='ocrx_word' id='word_1_6' title='bbox 1037 184 1214 248; x_wconf 81' lang='lat' dir='ltr'>aliisque</span> <span class='ocrx_word' id='word_1_7' title='bbox 1249 185 1511 248; x_wconf 78' lang='lat' dir='ltr'>contigisse,</span> <span class='ocrx_word' id='word_1_8' title='bbox 1548 204 1682 233; x_wconf 85' lang='lat' dir='ltr'>nemo</span> <span class='ocrx_word' id='word_1_9' title='bbox 1721 184 1917 249; x_wconf 81' lang='lat' dir='ltr'>ignorat.</span> <span class='ocrx_word' id='word_1_10' title='bbox 1957 179 2266 249; x_wconf 73' lang='lat' dir='ltr'><strong>Imprudentes</strong></span> <span class='ocrx_word' id='word_1_11' title='bbox 2304 184 2336 235; x_wconf 90' lang='lat' dir='ltr'>i-·</span> 
     </span>
     <span class='ocr_line' id='line_1_3' title="bbox 128 248 2335 316; baseline 0.005 -25"><span class='ocrx_word' id='word_1_12' title='bbox 128 248 180 291; x_wconf 87' lang='lat' dir='ltr'>sti</span> <span class='ocrx_word' id='word_1_13' title='bbox 220 259 487 292; x_wconf 74' lang='lat' dir='ltr'>accusatores</span> <span class='ocrx_word' id='word_1_14' title='bbox 523 249 706 294; x_wconf 87' lang='lat' dir='ltr'>minime</span> <span class='ocrx_word' id='word_1_15' title='bbox 743 250 996 305; x_wconf 84' lang='lat' dir='ltr'>advertunt,</span> <span class='ocrx_word' id='word_1_16' title='bbox 1050 267 1221 295; x_wconf 83' lang='lat' dir='ltr'>causam</span> <span class='ocrx_word' id='word_1_17' title='bbox 1258 251 1644 307; x_wconf 69' lang='lat' dir='ltr'>Jansenistarum,</span> <span class='ocrx_word' id='word_1_18' title='bbox 1685 254 1838 298; x_wconf 88' lang='lat' dir='ltr'>saltem</span> <span class='ocrx_word' id='word_1_19' title='bbox 1875 253 1990 314; x_wconf 87' lang='lat' dir='ltr'>apud</span> <span class='ocrx_word' id='word_1_20' title='bbox 2030 256 2335 316; x_wconf 86' lang='lat' dir='ltr'>imperitorum</span> 
     </span>
     <span class='ocr_line' id='line_1_4' title="bbox 128 313 2338 379; baseline 0.005 -23"><span class='ocrx_word' id='word_1_21' title='bbox 128 313 485 366; x_wconf 79' lang='lat' dir='ltr'>multitudinem,</span> <span class='ocrx_word' id='word_1_22' title='bbox 545 332 637 359; x_wconf 88' lang='lat' dir='ltr'>non</span> <span class='ocrx_word' id='word_1_23' title='bbox 675 333 832 378; x_wconf 86' lang='lat' dir='ltr'>parum</span> <span class='ocrx_word' id='word_1_24' title='bbox 868 317 1036 376; x_wconf 84' lang='lat' dir='ltr'>juvari;</span> <span class='ocrx_word' id='word_1_25' title='bbox 1097 317 1262 379; x_wconf 86' lang='lat' dir='ltr'>quippe</span> <span class='ocrx_word' id='word_1_26' title='bbox 1298 317 1373 378; x_wconf 84' lang='lat' dir='ltr'>qui</span> <span class='ocrx_word' id='word_1_27' title='bbox 1414 317 1479 361; x_wconf 87' lang='lat' dir='ltr'>his</span> <span class='ocrx_word' id='word_1_28' title='bbox 1514 318 1773 364; x_wconf 69' lang='lat' dir='ltr'>testimoniis</span> <span class='ocrx_word' id='word_1_29' title='bbox 1808 319 1932 363; x_wconf 81' lang='lat' dir='ltr'>facile</span> <span class='ocrx_word' id='word_1_30' title='bbox 1968 318 2237 376; x_wconf 85' lang='lat' dir='ltr'>abutuntur,</span> <span class='ocrx_word' id='word_1_31' title='bbox 2290 332 2338 367; x_wconf 82' lang='lat' dir='ltr'>ut</span> 
     </span>
     <span class='ocr_line' id='line_1_5' title="bbox 127 378 2335 443; baseline 0.005 -22"><span class='ocrx_word' id='word_1_32' title='bbox 127 378 229 422; x_wconf 89' lang='lat' dir='ltr'>inde</span> <span class='ocrx_word' id='word_1_33' title='bbox 265 378 561 435; x_wconf 79' lang='lat' dir='ltr'>concludant,</span> <span class='ocrx_word' id='word_1_34' title='bbox 595 398 692 426; x_wconf 84' lang='lat' dir='ltr'>suas</span> <span class='ocrx_word' id='word_1_35' title='bbox 727 384 986 435; x_wconf 86' lang='lat' dir='ltr'>sententias,</span> <span class='ocrx_word' id='word_1_36' title='bbox 1025 392 1068 426; x_wconf 89' lang='lat' dir='ltr'>ut</span> <span class='ocrx_word' id='word_1_37' title='bbox 1106 381 1372 443; x_wconf 78' lang='lat' dir='ltr'>Apostolico</span> <span class='ocrx_word' id='word_1_38' title='bbox 1406 383 1630 428; x_wconf 77' lang='lat' dir='ltr'>Romanae</span> <span class='ocrx_word' id='word_1_39' title='bbox 1652 384 1790 433; x_wconf 71' lang='lat' dir='ltr'>,Sedis</span> <span class='ocrx_word' id='word_1_40' title='bbox 1826 383 2013 429; x_wconf 70' lang='lat' dir='ltr'>{uimine</span> <span class='ocrx_word' id='word_1_41' title='bbox 2051 387 2177 440; x_wconf 78' lang='lat' dir='ltr'>ictas,</span> <span class='ocrx_word' id='word_1_42' title='bbox 2230 403 2335 432; x_wconf 80' lang='lat' dir='ltr'>suo-¹</span> 
     </span>
     <span class='ocr_line' id='line_1_6' title="bbox 126 442 2334 514; baseline 0.005 -27"><span class='ocrx_word' id='word_1_43' title='bbox 126 460 226 488; x_wconf 87' lang='lat' dir='ltr'>rum</span> <span class='ocrx_word' id='word_1_44' title='bbox 264 442 456 491; x_wconf 88' lang='lat' dir='ltr'>hostium</span> <span class='ocrx_word' id='word_1_45' title='bbox 494 459 639 510; x_wconf 81' lang='lat' dir='ltr'>aperta</span> <span class='ocrx_word' id='word_1_46' title='bbox 665 448 943 494; x_wconf 80' lang='lat' dir='ltr'>consessione</span> <span class='ocrx_word' id='word_1_47' title='bbox 980 446 1032 492; x_wconf 87' lang='lat' dir='ltr'>ab</span> <span class='ocrx_word' id='word_1_48' title='bbox 1056 448 1346 504; x_wconf 85' lang='lat' dir='ltr'>inconcusso,</span> <span class='ocrx_word' id='word_1_49' title='bbox 1384 449 1687 512; x_wconf 71' lang='lat' dir='ltr'>tutissimeque</span> <span class='ocrx_word' id='word_1_50' title='bbox 1722 449 1898 496; x_wconf 78' lang='lat' dir='ltr'>Schotae</span> <span class='ocrx_word' id='word_1_51' title='bbox 1938 462 2097 496; x_wconf 70' lang='lat' dir='ltr'>nostro:</span> <span class='ocrx_word' id='word_1_52' title='bbox 2121 461 2334 514; x_wconf 73' lang='lat' dir='ltr'>systema-</span> 
     </span>
     <span class='ocr_line' id='line_1_7' title="bbox 127 511 2336 581; baseline 0.005 -29"><span class='ocrx_word' id='word_1_53' title='bbox 127 520 168 553; x_wconf 82' lang='lat' dir='ltr'>te</span> <span class='ocrx_word' id='word_1_54' title='bbox 206 527 294 555; x_wconf 87' lang='lat' dir='ltr'>non</span> <span class='ocrx_word' id='word_1_55' title='bbox 333 511 541 558; x_wconf 81' lang='lat' dir='ltr'>differre.</span> <span class='ocrx_word' id='word_1_56' title='bbox 602 515 659 560; x_wconf 83' lang='lat' dir='ltr'>Et</span> <span class='ocrx_word' id='word_1_57' title='bbox 695 514 755 560; x_wconf 88' lang='lat' dir='ltr'>oh</span> <span class='ocrx_word' id='word_1_58' title='bbox 794 518 959 560; x_wconf 78' lang='lat' dir='ltr'>utinam</span> <span class='ocrx_word' id='word_1_59' title='bbox 1000 515 1156 559; x_wconf 84' lang='lat' dir='ltr'>nostris</span> <span class='ocrx_word' id='word_1_60' title='bbox 1193 517 1321 561; x_wconf 86' lang='lat' dir='ltr'>etiam</span> <span class='ocrx_word' id='word_1_61' title='bbox 1375 513 1652 579; x_wconf 72' lang='lat' dir='ltr'>temporibus</span> <span class='ocrx_word' id='word_1_62' title='bbox 1689 513 1783 561; x_wconf 83' lang='lat' dir='ltr'>haec</span> <span class='ocrx_word' id='word_1_63' title='bbox 1816 517 2112 563; x_wconf 80' lang='lat' dir='ltr'>calumniandi</span> <span class='ocrx_word' id='word_1_64' title='bbox 2151 519 2336 581; x_wconf 74' lang='lat' dir='ltr'>prurigo</span> 
     </span>
     <span class='ocr_line' id='line_1_8' title="bbox 127 578 2105 647; baseline 0.006 -28"><span class='ocrx_word' id='word_1_65' title='bbox 127 592 218 621; x_wconf 86' lang='lat' dir='ltr'>non</span> <span class='ocrx_word' id='word_1_66' title='bbox 259 578 496 624; x_wconf 63' lang='lat' dir='ltr'>identidem</span> <span class='ocrx_word' id='word_1_67' title='bbox 534 582 848 626; x_wconf 72' lang='lat' dir='ltr'>renovaretur!</span> <span class='ocrx_word' id='word_1_68' title='bbox 887 582 1039 626; x_wconf 69' lang='grc' dir='ltr'>Ηαητί</span> <span class='ocrx_word' id='word_1_69' title='bbox 1071 581 1233 643; x_wconf 70' lang='lat' dir='ltr'>ignota</span> <span class='ocrx_word' id='word_1_70' title='bbox 1267 582 1463 647; x_wconf 79' lang='lat' dir='ltr'>loquor.</span> <span class='ocrx_word' id='word_1_71' title='bbox 2086 636 2105 644; x_wconf 85' lang='lat'>..</span> 
     </span>
    </p>

    <p class='ocr_par' dir='ltr' id='par_1_3' title="bbox 114 644 2348 2159">
     <span class='ocr_line' id='line_1_9' title="bbox 191 644 2340 714; baseline 0.003 -25"><span class='ocrx_word' id='word_1_72' title='bbox 191 644 293 704; x_wconf 74' lang='lat' dir='ltr'>Ego</span> <span class='ocrx_word' id='word_1_73' title='bbox 329 662 433 690; x_wconf 82' lang='lat' dir='ltr'>vero</span> <span class='ocrx_word' id='word_1_74' title='bbox 468 646 523 689; x_wconf 86' lang='lat' dir='ltr'>ita</span> <span class='ocrx_word' id='word_1_75' title='bbox 549 648 699 691; x_wconf 84' lang='lat' dir='ltr'>animo</span> <span class='ocrx_word' id='word_1_76' title='bbox 724 665 820 692; x_wconf 87' lang='lat' dir='ltr'>sum</span> <span class='ocrx_word' id='word_1_77' title='bbox 847 657 1151 708; x_wconf 86' lang='lat' dir='ltr'>comparatus,</span> <span class='ocrx_word' id='word_1_78' title='bbox 1188 659 1235 693; x_wconf 86' lang='lat' dir='ltr'>ut</span> <span class='ocrx_word' id='word_1_79' title='bbox 1271 667 1292 693; x_wconf 90' lang='lat' dir='ltr'>a</span> <span class='ocrx_word' id='word_1_80' title='bbox 1331 649 1545 695; x_wconf 85' lang='lat' dir='ltr'>damnatis</span> <span class='ocrx_word' id='word_1_81' title='bbox 1570 647 1920 714; x_wconf 86' lang='lat' dir='ltr'>quibuscumque</span> <span class='ocrx_word' id='word_1_82' title='bbox 1956 649 2176 697; x_wconf 74' lang='lat' dir='ltr'>erroribus</span> <span class='ocrx_word' id='word_1_83' title='bbox 2206 651 2340 714; x_wconf 79' lang='lat' dir='ltr'>longe</span> 
     </span>
     <span class='ocr_line' id='line_1_10' title="bbox 126 707 2339 781; baseline 0.005 -28"><span class='ocrx_word' id='word_1_84' title='bbox 126 707 415 765; x_wconf 82' lang='lat' dir='ltr'>abhorream,</span> <span class='ocrx_word' id='word_1_85' title='bbox 452 723 581 775; x_wconf 69' lang='lat' dir='ltr'>atque</span> <span class='ocrx_word' id='word_1_86' title='bbox 619 714 767 757; x_wconf 81' lang='lat' dir='ltr'>omnia</span> <span class='ocrx_word' id='word_1_87' title='bbox 806 712 1041 768; x_wconf 67' lang='lat' dir='ltr'>Ecclesiae,</span> <span class='ocrx_word' id='word_1_88' title='bbox 1081 716 1745 778; x_wconf 84' lang='lat' dir='ltr'>summorumquePontificum</span> <span class='ocrx_word' id='word_1_89' title='bbox 1767 717 1966 771; x_wconf 81' lang='lat' dir='ltr'>decreta,</span> <span class='ocrx_word' id='word_1_90' title='bbox 2002 736 2087 781; x_wconf 85' lang='lat' dir='ltr'>qua</span> <span class='ocrx_word' id='word_1_91' title='bbox 2125 720 2248 764; x_wconf 82' lang='lat' dir='ltr'>decet</span> <span class='ocrx_word' id='word_1_92' title='bbox 2273 724 2339 763; x_wconf 57' lang='lat' dir='ltr'>ree</span> 
     </span>
     <span class='ocr_line' id='line_1_11' title="bbox 127 776 2339 844; baseline 0.004 -24"><span class='ocrx_word' id='word_1_93' title='bbox 127 776 347 830; x_wconf 67' lang='lat' dir='ltr'>verentia,</span> <span class='ocrx_word' id='word_1_94' title='bbox 385 789 513 841; x_wconf 86' lang='lat' dir='ltr'>atque</span> <span class='ocrx_word' id='word_1_95' title='bbox 553 776 800 822; x_wconf 86' lang='lat' dir='ltr'>obedientia</span> <span class='ocrx_word' id='word_1_96' title='bbox 839 795 946 832; x_wconf 89' lang='lat' dir='ltr'>ore,</span> <span class='ocrx_word' id='word_1_97' title='bbox 985 789 1024 822; x_wconf 87' lang='lat' dir='ltr'>et</span> <span class='ocrx_word' id='word_1_98' title='bbox 1061 780 1194 825; x_wconf 77' lang='lat' dir='ltr'>corde</span> <span class='ocrx_word' id='word_1_99' title='bbox 1230 782 1469 844; x_wconf 77' lang='lat' dir='ltr'>recipiain3</span> <span class='ocrx_word' id='word_1_100' title='bbox 1506 782 1635 827; x_wconf 87' lang='lat' dir='ltr'>simul</span> <span class='ocrx_word' id='word_1_101' title='bbox 1661 793 1807 827; x_wconf 88' lang='lat' dir='ltr'>tamen</span> <span class='ocrx_word' id='word_1_102' title='bbox 1845 783 2026 828; x_wconf 83' lang='lat' dir='ltr'>minime</span> <span class='ocrx_word' id='word_1_103' title='bbox 2063 801 2212 830; x_wconf 85' lang='lat' dir='ltr'>verear</span> <span class='ocrx_word' id='word_1_104' title='bbox 2248 785 2339 829; x_wconf 74' lang='lat' dir='ltr'>ina-</span> 
     </span>
     <span class='ocr_line' id='line_1_12' title="bbox 124 842 2341 908; baseline 0.005 -23"><span class='ocrx_word' id='word_1_105' title='bbox 124 859 202 886; x_wconf 86' lang='lat' dir='ltr'>nes</span> <span class='ocrx_word' id='word_1_106' title='bbox 240 842 411 887; x_wconf 86' lang='lat' dir='ltr'>illorum</span> <span class='ocrx_word' id='word_1_107' title='bbox 451 845 687 896; x_wconf 81' lang='lat' dir='ltr'>clamores,</span> <span class='ocrx_word' id='word_1_108' title='bbox 735 844 809 906; x_wconf 89' lang='lat' dir='ltr'>qui</span> <span class='ocrx_word' id='word_1_109' title='bbox 847 843 1010 905; x_wconf 86' lang='lat' dir='ltr'>privata</span> <span class='ocrx_word' id='word_1_110' title='bbox 1047 862 1123 890; x_wconf 89' lang='lat' dir='ltr'>sua</span> <span class='ocrx_word' id='word_1_111' title='bbox 1160 847 1315 908; x_wconf 81' lang='lat' dir='ltr'>placita</span> <span class='ocrx_word' id='word_1_112' title='bbox 1352 866 1454 893; x_wconf 88' lang='lat' dir='ltr'>cum</span> <span class='ocrx_word' id='word_1_113' title='bbox 1490 850 1774 894; x_wconf 81' lang='lat' dir='ltr'>sacrosanctis</span> <span class='ocrx_word' id='word_1_114' title='bbox 1811 848 1915 905; x_wconf 84' lang='lat' dir='ltr'>fidei</span> <span class='ocrx_word' id='word_1_115' title='bbox 1953 858 2114 894; x_wconf 83' lang='lat' dir='ltr'>nostrae</span> <span class='ocrx_word' id='word_1_116' title='bbox 2152 851 2341 896; x_wconf 77' lang='lat' dir='ltr'>articulis</span> 
     </span>
     <span class='ocr_line' id='line_1_13' title="bbox 124 907 2343 978; baseline 0.005 -28"><span class='ocrx_word' id='word_1_117' title='bbox 124 907 304 963; x_wconf 75' lang='lat' dir='ltr'>inscite,</span> <span class='ocrx_word' id='word_1_118' title='bbox 344 910 406 953; x_wconf 80' lang='lat' dir='ltr'>vel</span> <span class='ocrx_word' id='word_1_119' title='bbox 445 909 656 954; x_wconf 85' lang='lat' dir='ltr'>malitiose</span> <span class='ocrx_word' id='word_1_120' title='bbox 693 909 1003 964; x_wconf 84' lang='lat' dir='ltr'>confundunt,</span> <span class='ocrx_word' id='word_1_121' title='bbox 1041 923 1079 956; x_wconf 90' lang='lat' dir='ltr'>et</span> <span class='ocrx_word' id='word_1_122' title='bbox 1117 913 1191 975; x_wconf 87' lang='lat' dir='ltr'>qui</span> <span class='ocrx_word' id='word_1_123' title='bbox 1231 913 1383 958; x_wconf 86' lang='lat' dir='ltr'>iisdem</span> <span class='ocrx_word' id='word_1_124' title='bbox 1419 916 1725 978; x_wconf 71' lang='lat' dir='ltr'>refragantur,</span> <span class='ocrx_word' id='word_1_125' title='bbox 1762 915 1906 961; x_wconf 86' lang='lat' dir='ltr'>statim</span> <span class='ocrx_word' id='word_1_126' title='bbox 1944 914 2113 961; x_wconf 79' lang='lat' dir='ltr'>violatae</span> <span class='ocrx_word' id='word_1_127' title='bbox 2138 915 2343 978; x_wconf 75' lang='lat' dir='ltr'>Religio-</span> 
     </span>
     <span class='ocr_line' id='line_1_14' title="bbox 126 974 2342 1044; baseline 0.004 -27"><span class='ocrx_word' id='word_1_128' title='bbox 126 974 192 1019; x_wconf 85' lang='lat' dir='ltr'>nis</span> <span class='ocrx_word' id='word_1_129' title='bbox 229 986 456 1019; x_wconf 76' lang='lat' dir='ltr'>accusant.</span> <span class='ocrx_word' id='word_1_130' title='bbox 498 974 627 1020; x_wconf 73' lang='lat' dir='ltr'>Nova</span> <span class='ocrx_word' id='word_1_131' title='bbox 666 975 850 1021; x_wconf 87' lang='lat' dir='ltr'>minime</span> <span class='ocrx_word' id='word_1_132' title='bbox 888 987 949 1021; x_wconf 87' lang='lat' dir='ltr'>est</span> <span class='ocrx_word' id='word_1_133' title='bbox 985 978 1099 1039; x_wconf 86' lang='lat' dir='ltr'>apud</span> <span class='ocrx_word' id='word_1_134' title='bbox 1140 979 1355 1041; x_wconf 83' lang='lat' dir='ltr'>quosdam</span> <span class='ocrx_word' id='word_1_135' title='bbox 1383 980 1533 1025; x_wconf 82' lang='lat' dir='ltr'>dolos-a</span> <span class='ocrx_word' id='word_1_136' title='bbox 1573 980 1668 1027; x_wconf 80' lang='lat' dir='ltr'>haec</span> <span class='ocrx_word' id='word_1_137' title='bbox 1706 981 1934 1044; x_wconf 79' lang='lat' dir='ltr'>pugnandi</span> <span class='ocrx_word' id='word_1_138' title='bbox 1972 997 2070 1035; x_wconf 87' lang='lat' dir='ltr'>ars,</span> <span class='ocrx_word' id='word_1_139' title='bbox 2107 982 2229 1044; x_wconf 81' lang='lat' dir='ltr'>quasi</span> <span class='ocrx_word' id='word_1_140' title='bbox 2265 982 2342 1029; x_wconf 79' lang='lat' dir='ltr'>sci-</span> 
     </span>
     <span class='ocr_line' id='line_1_15' title="bbox 122 1039 2343 1110; baseline 0.005 -28"><span class='ocrx_word' id='word_1_141' title='bbox 122 1039 218 1083; x_wconf 81' lang='lat' dir='ltr'>licet</span> <span class='ocrx_word' id='word_1_142' title='bbox 255 1040 385 1084; x_wconf 75' lang='lat' dir='ltr'>etiam</span> <span class='ocrx_word' id='word_1_143' title='bbox 422 1040 463 1084; x_wconf 89' lang='lat' dir='ltr'>in</span> <span class='ocrx_word' id='word_1_144' title='bbox 502 1040 767 1101; x_wconf 72' lang='lat' dir='ltr'>theologicis</span> <span class='ocrx_word' id='word_1_145' title='bbox 803 1042 1114 1088; x_wconf 68' lang='lat' dir='ltr'>certaminibus</span> <span class='ocrx_word' id='word_1_146' title='bbox 1141 1044 1246 1089; x_wconf 87' lang='lat' dir='ltr'>illud</span> <span class='ocrx_word' id='word_1_147' title='bbox 1273 1045 1421 1090; x_wconf 87' lang='lat' dir='ltr'>locum</span> <span class='ocrx_word' id='word_1_148' title='bbox 1459 1045 1646 1092; x_wconf 84' lang='lat' dir='ltr'>habeat:</span> <span class='ocrx_word' id='word_1_149' title='bbox 1683 1049 1841 1101; x_wconf 73' lang='lat' dir='ltr'>dolus,</span> <span class='ocrx_word' id='word_1_150' title='bbox 1878 1064 1936 1093; x_wconf 76' lang='lat' dir='ltr'>an</span> <span class='ocrx_word' id='word_1_151' title='bbox 1976 1048 2118 1093; x_wconf 64' lang='lat' dir='ltr'>virtus</span> <span class='ocrx_word' id='word_1_152' title='bbox 2158 1048 2260 1110; x_wconf 76' lang='lat' dir='ltr'>quis</span> <span class='ocrx_word' id='word_1_153' title='bbox 2294 1049 2343 1093; x_wconf 77' lang='lat' dir='ltr'>in</span> 
     </span>
     <span class='ocr_line' id='line_1_16' title="bbox 118 1103 2345 1173; baseline 0.004 -25"><span class='ocrx_word' id='word_1_154' title='bbox 118 1103 248 1149; x_wconf 71' lang='lat' dir='ltr'>hoste</span> <span class='ocrx_word' id='word_1_155' title='bbox 284 1105 534 1169; x_wconf 71' lang='lat' dir='ltr'>requirat?</span> <span class='ocrx_word' id='word_1_156' title='bbox 592 1107 679 1153; x_wconf 76' lang='lat' dir='ltr'>Sed</span> <span class='ocrx_word' id='word_1_157' title='bbox 718 1119 868 1153; x_wconf 82' lang='lat' dir='ltr'>eontra</span> <span class='ocrx_word' id='word_1_158' title='bbox 907 1109 1020 1153; x_wconf 79' lang='lat' dir='ltr'>hane</span> <span class='ocrx_word' id='word_1_159' title='bbox 1074 1110 1356 1172; x_wconf 77' lang='lat' dir='ltr'>quorundam</span> <span class='ocrx_word' id='word_1_160' title='bbox 1395 1130 1451 1157; x_wconf 78' lang='lat' dir='ltr'>ex</span> <span class='ocrx_word' id='word_1_161' title='bbox 1488 1113 1648 1158; x_wconf 88' lang='lat' dir='ltr'>nostris</span> <span class='ocrx_word' id='word_1_162' title='bbox 1701 1114 1951 1159; x_wconf 85' lang='lat' dir='ltr'>adversariis</span> <span class='ocrx_word' id='word_1_163' title='bbox 1999 1124 2135 1158; x_wconf 86' lang='lat' dir='ltr'>artem</span> <span class='ocrx_word' id='word_1_164' title='bbox 2174 1113 2345 1173; x_wconf 83' lang='lat' dir='ltr'>jamdiu</span> 
     </span>
     <span class='ocr_line' id='line_1_17' title="bbox 120 1172 2346 1233; baseline 0.005 -20"><span class='ocrx_word' id='word_1_165' title='bbox 120 1188 203 1214; x_wconf 84' lang='lat' dir='ltr'>nos</span> <span class='ocrx_word' id='word_1_166' title='bbox 258 1172 528 1233; x_wconf 79' lang='lat' dir='ltr'>praemonuit</span> <span class='ocrx_word' id='word_1_167' title='bbox 565 1173 871 1219; x_wconf 85' lang='lat' dir='ltr'>Sanctissimus</span> <span class='ocrx_word' id='word_1_168' title='bbox 908 1175 1120 1220; x_wconf 74' lang='lat' dir='ltr'>Pontifex</span> <span class='ocrx_word' id='word_1_169' title='bbox 1156 1176 1423 1223; x_wconf 73' lang='lat' dir='ltr'>Benedictus</span> <span class='ocrx_word' id='word_1_170' title='bbox 1458 1178 1621 1233; x_wconf 58' lang='lat' dir='ltr'>XM„</span> <span class='ocrx_word' id='word_1_171' title='bbox 1681 1197 1783 1225; x_wconf 87' lang='lat' dir='ltr'>cum</span> <span class='ocrx_word' id='word_1_172' title='bbox 1838 1181 1882 1224; x_wconf 87' lang='lat' dir='ltr'>in</span> <span class='ocrx_word' id='word_1_173' title='bbox 1918 1180 2069 1224; x_wconf 82' lang='lat' dir='ltr'>litteris</span> <span class='ocrx_word' id='word_1_174' title='bbox 2116 1179 2160 1223; x_wconf 87' lang='lat' dir='ltr'>in</span> <span class='ocrx_word' id='word_1_175' title='bbox 2201 1179 2346 1225; x_wconf 72' lang='lat' dir='ltr'>forma</span> 
     </span>
     <span class='ocr_line' id='line_1_18' title="bbox 125 1235 2340 1309; baseline 0.003 -26"><span class='ocrx_word' id='word_1_176' title='bbox 125 1235 298 1289; x_wconf 59' lang='lat' dir='ltr'>Brevis,</span> <span class='ocrx_word' id='word_1_177' title='bbox 337 1255 455 1283; x_wconf 87' lang='lat' dir='ltr'>anno</span> <span class='ocrx_word' id='word_1_178' title='bbox 499 1251 634 1299; x_wconf 71' lang='lat'>1724.</span> <span class='ocrx_word' id='word_1_179' title='bbox 676 1239 729 1283; x_wconf 89' lang='lat' dir='ltr'>ita</span> <span class='ocrx_word' id='word_1_180' title='bbox 764 1257 867 1285; x_wconf 82' lang='lat' dir='ltr'>suos</span> <span class='ocrx_word' id='word_1_181' title='bbox 895 1240 1220 1287; x_wconf 82' lang='lat' dir='ltr'>Dominicanos</span> <span class='ocrx_word' id='word_1_182' title='bbox 1259 1241 1456 1289; x_wconf 78' lang='lat' dir='ltr'>hortatus</span> <span class='ocrx_word' id='word_1_183' title='bbox 1493 1256 1582 1290; x_wconf 85' lang='lat' dir='ltr'>est:</span> <span class='ocrx_word' id='word_1_184' title='bbox 1618 1281 1638 1299; x_wconf 86' lang='lat'><strong>„</strong></span> <span class='ocrx_word' id='word_1_185' title='bbox 1680 1246 1859 1309; x_wconf 81' lang='lat' dir='ltr'>Magno</span> <span class='ocrx_word' id='word_1_186' title='bbox 1896 1246 2046 1290; x_wconf 83' lang='lat' dir='ltr'>animo</span> <span class='ocrx_word' id='word_1_187' title='bbox 2083 1247 2340 1290; x_wconf 72' lang='lat' dir='ltr'>contemni-</span> 
     </span>
     <span class='ocr_line' id='line_1_19' title="bbox 121 1303 2348 1375; baseline 0.004 -28"><span class='ocrx_word' id='word_1_188' title='bbox 121 1338 145 1358; x_wconf 76' lang='lat'>„</span> <span class='ocrx_word' id='word_1_189' title='bbox 183 1313 248 1357; x_wconf 81' lang='lat' dir='ltr'>te,</span> <span class='ocrx_word' id='word_1_190' title='bbox 290 1303 433 1349; x_wconf 90' lang='lat' dir='ltr'>dilecti</span> <span class='ocrx_word' id='word_1_191' title='bbox 455 1305 560 1360; x_wconf 81' lang='lat' dir='ltr'>filii,</span> <span class='ocrx_word' id='word_1_192' title='bbox 596 1305 857 1351; x_wconf 67' lang='lat' dir='ltr'>calumnias</span> <span class='ocrx_word' id='word_1_193' title='bbox 878 1307 1133 1352; x_wconf 62' lang='lat' dir='ltr'>intentores</span> <span class='ocrx_word' id='word_1_194' title='bbox 1153 1311 1378 1355; x_wconf 81' lang='lat' dir='ltr'>sententiis</span> <span class='ocrx_word' id='word_1_195' title='bbox 1398 1311 1545 1356; x_wconf 74' lang='lat' dir='ltr'>vestris</span> <span class='ocrx_word' id='word_1_196' title='bbox 1564 1311 1618 1355; x_wconf 89' lang='lat' dir='ltr'>de</span> <span class='ocrx_word' id='word_1_197' title='bbox 1637 1313 1774 1374; x_wconf 80' lang='lat' dir='ltr'>gratia</span> <span class='ocrx_word' id='word_1_198' title='bbox 1795 1311 2034 1375; x_wconf 82' lang='lat' dir='ltr'>pracsertim</span> <span class='ocrx_word' id='word_1_199' title='bbox 2074 1328 2152 1372; x_wconf 88' lang='lat' dir='ltr'>per</span> <span class='ocrx_word' id='word_1_200' title='bbox 2186 1328 2257 1365; x_wconf 89' lang='lat' dir='ltr'>se,</span> <span class='ocrx_word' id='word_1_201' title='bbox 2291 1309 2348 1356; x_wconf 85' lang='lat' dir='ltr'>ab</span> 
     </span>
     <span class='ocr_line' id='line_1_20' title="bbox 119 1370 2347 1441; baseline 0.004 -29"><span class='ocrx_word' id='word_1_202' title='bbox 119 1405 148 1424; x_wconf 90' lang='lat'>‚,</span> <span class='ocrx_word' id='word_1_203' title='bbox 190 1370 449 1416; x_wconf 78' lang='lat' dir='ltr'>instrinseco</span> <span class='ocrx_word' id='word_1_204' title='bbox 487 1371 681 1426; x_wconf 83' lang='lat' dir='ltr'>efficaci,</span> <span class='ocrx_word' id='word_1_205' title='bbox 721 1389 768 1416; x_wconf 84' lang='lat' dir='ltr'>ac</span> <span class='ocrx_word' id='word_1_206' title='bbox 806 1374 859 1418; x_wconf 81' lang='lat' dir='ltr'>(le</span> <span class='ocrx_word' id='word_1_207' title='bbox 900 1373 1288 1435; x_wconf 61' lang='lat' dir='ltr'>praedestinatione</span> <span class='ocrx_word' id='word_1_208' title='bbox 1325 1377 1377 1421; x_wconf 87' lang='lat' dir='ltr'>ad</span> <span class='ocrx_word' id='word_1_209' title='bbox 1414 1377 1604 1438; x_wconf 77' lang='lat' dir='ltr'>gloriam</span> <span class='ocrx_word' id='word_1_210' title='bbox 1638 1376 1801 1441; x_wconf 85' lang='lat' dir='ltr'>absque</span> <span class='ocrx_word' id='word_1_211' title='bbox 1837 1379 1921 1423; x_wconf 87' lang='lat' dir='ltr'>ulla</span> <span class='ocrx_word' id='word_1_212' title='bbox 1960 1377 2222 1440; x_wconf 60' lang='lat' dir='ltr'>praevisione</span> <span class='ocrx_word' id='word_1_213' title='bbox 2260 1394 2347 1421; x_wconf 84' lang='lat' dir='ltr'>me-</span> 
     </span>
     <span class='ocr_line' id='line_1_21' title="bbox 117 1436 2347 1506; baseline 0.003 -27"><span class='ocrx_word' id='word_1_214' title='bbox 117 1471 146 1490; x_wconf 81' lang='lat'><em>„</em></span> <span class='ocrx_word' id='word_1_215' title='bbox 187 1436 398 1491; x_wconf 86' lang='lat' dir='ltr'>ritorum,</span> <span class='ocrx_word' id='word_1_216' title='bbox 435 1454 541 1501; x_wconf 87' lang='lat' dir='ltr'>quas</span> <span class='ocrx_word' id='word_1_217' title='bbox 577 1438 878 1484; x_wconf 63' lang='lat' dir='ltr'>lazzdahslz&#39;zer</span> <span class='ocrx_word' id='word_1_218' title='bbox 915 1437 1126 1483; x_wconf 77' lang='lat' dir='ltr'>hactenus</span> <span class='ocrx_word' id='word_1_219' title='bbox 1163 1441 1394 1495; x_wconf 77' lang='lat' dir='ltr'>docuistis,</span> <span class='ocrx_word' id='word_1_220' title='bbox 1431 1453 1472 1487; x_wconf 87' lang='lat' dir='ltr'>et</span> <span class='ocrx_word' id='word_1_221' title='bbox 1507 1460 1614 1506; x_wconf 87' lang='lat' dir='ltr'>quas</span> <span class='ocrx_word' id='word_1_222' title='bbox 1651 1443 1704 1488; x_wconf 86' lang='lat' dir='ltr'>ab</span> <span class='ocrx_word' id='word_1_223' title='bbox 1742 1445 1844 1506; x_wconf 87' lang='lat' dir='ltr'>ipsis</span> <span class='ocrx_word' id='word_1_224' title='bbox 1879 1443 2036 1488; x_wconf 83' lang='lat' dir='ltr'>sanetis</span> <span class='ocrx_word' id='word_1_225' title='bbox 2073 1441 2347 1487; x_wconf 88' lang='lat' dir='ltr'>Doctoribus</span> 
     </span>
     <span class='ocr_line' id='line_1_22' title="bbox 119 1502 2342 1568; baseline 0.002 -21"><span class='ocrx_word' id='word_1_226' title='bbox 119 1537 145 1555; x_wconf 90' lang='lat'>„</span> <span class='ocrx_word' id='word_1_227' title='bbox 183 1502 468 1562; x_wconf 73' lang='lat' dir='ltr'>Augustino,</span> <span class='ocrx_word' id='word_1_228' title='bbox 506 1514 547 1547; x_wconf 78' lang='lat' dir='ltr'>et</span> <span class='ocrx_word' id='word_1_229' title='bbox 578 1503 760 1548; x_wconf 76' lang='lat' dir='ltr'>Thoma</span> <span class='ocrx_word' id='word_1_230' title='bbox 798 1522 842 1547; x_wconf 83' lang='lat' dir='ltr'>se</span> <span class='ocrx_word' id='word_1_231' title='bbox 881 1502 1074 1547; x_wconf 80' lang='lat' dir='ltr'>hausisse</span> <span class='ocrx_word' id='word_1_232' title='bbox 1100 1504 1262 1550; x_wconf 79' lang='lat' dir='ltr'>Schola</span> <span class='ocrx_word' id='word_1_233' title='bbox 1288 1518 1425 1552; x_wconf 85' lang='lat' dir='ltr'>vestra</span> <span class='ocrx_word' id='word_1_234' title='bbox 1460 1508 1820 1553; x_wconf 74' lang='lat' dir='ltr'>commendabili</span> <span class='ocrx_word' id='word_1_235' title='bbox 1850 1510 2002 1553; x_wconf 68' lang='lat' dir='ltr'>siudz’o</span> <span class='ocrx_word' id='word_1_236' title='bbox 2035 1507 2270 1568; x_wconf 75' lang='lat' dir='ltr'>gloriatur</span> <span class='ocrx_word' id='word_1_237' title='bbox 2294 1514 2342 1552; x_wconf 74' lang='lat'>⁴‘.</span> 
     </span>
     <span class='ocr_line' id='line_1_23' title="bbox 116 1566 2346 1630; baseline 0.002 -19"><span class='ocrx_word' id='word_1_238' title='bbox 116 1566 218 1611; x_wconf 86' lang='lat' dir='ltr'>Hoc</span> <span class='ocrx_word' id='word_1_239' title='bbox 255 1566 364 1611; x_wconf 80' lang='lat' dir='ltr'>mihi</span> <span class='ocrx_word' id='word_1_240' title='bbox 402 1566 681 1628; x_wconf 80' lang='lat' dir='ltr'>propositum</span> <span class='ocrx_word' id='word_1_241' title='bbox 722 1578 816 1622; x_wconf 85' lang='lat' dir='ltr'>est,</span> <span class='ocrx_word' id='word_1_242' title='bbox 855 1566 942 1611; x_wconf 86' lang='lat' dir='ltr'>hoc</span> <span class='ocrx_word' id='word_1_243' title='bbox 979 1568 1081 1613; x_wconf 87' lang='lat' dir='ltr'>Deo</span> <span class='ocrx_word' id='word_1_244' title='bbox 1119 1571 1297 1630; x_wconf 74' lang='lat' dir='ltr'>juvante</span> <span class='ocrx_word' id='word_1_245' title='bbox 1332 1572 1542 1616; x_wconf 80' lang='lat' dir='ltr'>servabo.</span> <span class='ocrx_word' id='word_1_246' title='bbox 1581 1574 1680 1617; x_wconf 85' lang='lat' dir='ltr'>Imo</span> <span class='ocrx_word' id='word_1_247' title='bbox 1717 1585 1762 1616; x_wconf 87' lang='lat' dir='ltr'>ut</span> <span class='ocrx_word' id='word_1_248' title='bbox 1800 1574 1934 1617; x_wconf 82' lang='lat' dir='ltr'>tutius</span> <span class='ocrx_word' id='word_1_249' title='bbox 1972 1573 2012 1616; x_wconf 89' lang='lat' dir='ltr'>in</span> <span class='ocrx_word' id='word_1_250' title='bbox 2051 1572 2280 1618; x_wconf 83' lang='lat' dir='ltr'>salebrosis</span> <span class='ocrx_word' id='word_1_251' title='bbox 2318 1574 2346 1616; x_wconf 59' lang='lat' dir='ltr'>i&lt;=</span> 
     </span>
     <span class='ocr_line' id='line_1_24' title="bbox 115 1630 2347 1695; baseline 0.003 -19"><span class='ocrx_word' id='word_1_252' title='bbox 115 1633 190 1677; x_wconf 75' lang='lat' dir='ltr'>stis</span> <span class='ocrx_word' id='word_1_253' title='bbox 227 1632 535 1677; x_wconf 83' lang='lat' dir='ltr'>controversiis</span> <span class='ocrx_word' id='word_1_254' title='bbox 573 1632 804 1685; x_wconf 76' lang='lat' dir='ltr'>incedam,</span> <span class='ocrx_word' id='word_1_255' title='bbox 843 1630 896 1676; x_wconf 83' lang='lat' dir='ltr'>ab</span> <span class='ocrx_word' id='word_1_256' title='bbox 926 1631 989 1676; x_wconf 79' lang='lat' dir='ltr'>illa</span> <span class='ocrx_word' id='word_1_257' title='bbox 1026 1636 1332 1695; x_wconf 75' lang='lat' dir='ltr'>sapientissimi</span> <span class='ocrx_word' id='word_1_258' title='bbox 1359 1636 1558 1682; x_wconf 79' lang='lat' dir='ltr'>Thomae</span> <span class='ocrx_word' id='word_1_259' title='bbox 1596 1638 1649 1681; x_wconf 89' lang='lat' dir='ltr'>de</span> <span class='ocrx_word' id='word_1_260' title='bbox 1675 1637 1842 1682; x_wconf 87' lang='lat' dir='ltr'>Lemos</span> <span class='ocrx_word' id='word_1_261' title='bbox 1879 1637 2077 1681; x_wconf 82' lang='lat' dir='ltr'>doctrina</span> <span class='ocrx_word' id='word_1_262' title='bbox 2118 1655 2173 1681; x_wconf 89' lang='lat' dir='ltr'>ne</span> <span class='ocrx_word' id='word_1_263' title='bbox 2210 1638 2347 1682; x_wconf 78' lang='lat' dir='ltr'>laium</span> 
     </span>
     <span class='ocr_line' id='line_1_25' title="bbox 114 1697 2342 1765; baseline 0.002 -23"><span class='ocrx_word' id='word_1_264' title='bbox 114 1697 294 1760; x_wconf 88' lang='lat' dir='ltr'>quidem</span> <span class='ocrx_word' id='word_1_265' title='bbox 335 1713 535 1759; x_wconf 74' lang='lat' dir='ltr'>unguem</span> <span class='ocrx_word' id='word_1_266' title='bbox 572 1698 792 1743; x_wconf 78' lang='lat' dir='ltr'>discedam</span> <span class='ocrx_word' id='word_1_267' title='bbox 815 1734 824 1750; x_wconf 93' lang='lat'>,</span> <span class='ocrx_word' id='word_1_268' title='bbox 863 1715 994 1760; x_wconf 80' lang='lat' dir='ltr'>quam</span> <span class='ocrx_word' id='word_1_269' title='bbox 1037 1699 1077 1742; x_wconf 85' lang='lat' dir='ltr'>in</span> <span class='ocrx_word' id='word_1_270' title='bbox 1117 1700 1410 1746; x_wconf 74' lang='lat' dir='ltr'>celeberrimis</span> <span class='ocrx_word' id='word_1_271' title='bbox 1446 1702 1669 1747; x_wconf 84' lang='lat' dir='ltr'>Romanis</span> <span class='ocrx_word' id='word_1_272' title='bbox 1705 1701 2148 1765; x_wconf 75' lang='lat' dir='ltr'>Congregationibus</span> <span class='ocrx_word' id='word_1_273' title='bbox 2186 1721 2342 1748; x_wconf 71' lang='lat' dir='ltr'>corant</span> 
     </span>
     <span class='ocr_line' id='line_1_26' title="bbox 116 1764 2346 1832; baseline 0.002 -23"><span class='ocrx_word' id='word_1_274' title='bbox 116 1765 348 1809; x_wconf 79' lang='lat' dir='ltr'>Clemente</span> <span class='ocrx_word' id='word_1_275' title='bbox 377 1765 515 1811; x_wconf 79' lang='lat' dir='ltr'>VIII.</span> <span class='ocrx_word' id='word_1_276' title='bbox 555 1775 594 1809; x_wconf 82' lang='lat' dir='ltr'>et</span> <span class='ocrx_word' id='word_1_277' title='bbox 619 1764 758 1810; x_wconf 85' lang='lat' dir='ltr'>Paulo</span> <span class='ocrx_word' id='word_1_278' title='bbox 800 1764 859 1811; x_wconf 80' lang='lat' dir='ltr'>V.</span> <span class='ocrx_word' id='word_1_279' title='bbox 900 1782 1000 1808; x_wconf 87' lang='lat' dir='ltr'>cum</span> <span class='ocrx_word' id='word_1_280' title='bbox 1038 1776 1156 1810; x_wconf 80' lang='lat' dir='ltr'>tanta</span> <span class='ocrx_word' id='word_1_281' title='bbox 1193 1767 1388 1811; x_wconf 84' lang='lat' dir='ltr'>nominis</span> <span class='ocrx_word' id='word_1_282' title='bbox 1413 1767 1477 1811; x_wconf 89' lang='lat' dir='ltr'>sui</span> <span class='ocrx_word' id='word_1_283' title='bbox 1515 1768 1655 1828; x_wconf 81' lang='lat' dir='ltr'>gloria</span> <span class='ocrx_word' id='word_1_284' title='bbox 1692 1769 1848 1815; x_wconf 84' lang='lat' dir='ltr'>invicte</span> <span class='ocrx_word' id='word_1_285' title='bbox 1874 1769 2206 1832; x_wconf 78' lang='lat' dir='ltr'>propugnavit,</span> <span class='ocrx_word' id='word_1_286' title='bbox 2244 1780 2346 1831; x_wconf 84' lang='lat' dir='ltr'>post</span> 
     </span>
     <span class='ocr_line' id='line_1_27' title="bbox 115 1830 2348 1895; baseline 0.003 -21"><span class='ocrx_word' id='word_1_287' title='bbox 115 1842 263 1875; x_wconf 86' lang='lat' dir='ltr'>autem</span> <span class='ocrx_word' id='word_1_288' title='bbox 301 1831 344 1875; x_wconf 85' lang='lat' dir='ltr'>in</span> <span class='ocrx_word' id='word_1_289' title='bbox 381 1830 630 1875; x_wconf 82' lang='lat' dir='ltr'>doctissima</span> <span class='ocrx_word' id='word_1_290' title='bbox 667 1848 743 1876; x_wconf 86' lang='lat' dir='ltr'>sua</span> <span class='ocrx_word' id='word_1_291' title='bbox 785 1831 946 1876; x_wconf 69' lang='lat' dir='ltr'>Grasoe</span> <span class='ocrx_word' id='word_1_292' title='bbox 983 1832 1219 1894; x_wconf 67' lang='lat' dir='ltr'>Panoplia</span> <span class='ocrx_word' id='word_1_293' title='bbox 1256 1831 1474 1877; x_wconf 83' lang='lat' dir='ltr'>fusissime</span> <span class='ocrx_word' id='word_1_294' title='bbox 1513 1834 1749 1895; x_wconf 72' lang='lat' dir='ltr'>exposuit,</span> <span class='ocrx_word' id='word_1_295' title='bbox 1785 1845 1828 1878; x_wconf 72' lang='lat' dir='ltr'>et</span> <span class='ocrx_word' id='word_1_296' title='bbox 1863 1835 2168 1880; x_wconf 72' lang='lat' dir='ltr'>confirmavit.</span> <span class='ocrx_word' id='word_1_297' title='bbox 2206 1836 2348 1880; x_wconf 78' lang='lat' dir='ltr'>Cum-</span> 
     </span>
     <span class='ocr_line' id='line_1_28' title="bbox 116 1895 2348 1963; baseline 0.002 -22"><span class='ocrx_word' id='word_1_298' title='bbox 116 1895 210 1958; x_wconf 84' lang='lat' dir='ltr'>que</span> <span class='ocrx_word' id='word_1_299' title='bbox 241 1895 336 1942; x_wconf 80' lang='lat' dir='ltr'>haec</span> <span class='ocrx_word' id='word_1_300' title='bbox 373 1895 574 1942; x_wconf 81' lang='lat' dir='ltr'>doctrina</span> <span class='ocrx_word' id='word_1_301' title='bbox 611 1895 742 1942; x_wconf 82' lang='lat' dir='ltr'>fuerit</span> <span class='ocrx_word' id='word_1_302' title='bbox 781 1896 908 1941; x_wconf 79' lang='lat' dir='ltr'>toties</span> <span class='ocrx_word' id='word_1_303' title='bbox 933 1896 1132 1942; x_wconf 82' lang='lat' dir='ltr'>Roman.</span> <span class='ocrx_word' id='word_1_304' title='bbox 1155 1898 1407 1944; x_wconf 86' lang='lat' dir='ltr'>Censorum</span> <span class='ocrx_word' id='word_1_305' title='bbox 1442 1898 1609 1960; x_wconf 78' lang='lat' dir='ltr'>jud-icio</span> <span class='ocrx_word' id='word_1_306' title='bbox 1646 1899 1858 1962; x_wconf 79' lang='lat' dir='ltr'>probata,</span> <span class='ocrx_word' id='word_1_307' title='bbox 1895 1899 2072 1945; x_wconf 88' lang='lat' dir='ltr'>nonnisi</span> <span class='ocrx_word' id='word_1_308' title='bbox 2109 1901 2162 1944; x_wconf 78' lang='lat' dir='ltr'>&#39;iis</span> <span class='ocrx_word' id='word_1_309' title='bbox 2196 1917 2348 1963; x_wconf 80' lang='lat' dir='ltr'>suspe-</span> 
     </span>
     <span class='ocr_line' id='line_1_29' title="bbox 116 1960 2346 2025; baseline 0.001 -18"><span class='ocrx_word' id='word_1_310' title='bbox 116 1973 182 2007; x_wconf 81' lang='lat' dir='ltr'>cta</span> <span class='ocrx_word' id='word_1_311' title='bbox 219 1980 309 2009; x_wconf 87' lang='lat' dir='ltr'>esse</span> <span class='ocrx_word' id='word_1_312' title='bbox 346 1963 539 2025; x_wconf 86' lang='lat' dir='ltr'>poterit,</span> <span class='ocrx_word' id='word_1_313' title='bbox 579 1964 653 2025; x_wconf 88' lang='lat' dir='ltr'>qui</span> <span class='ocrx_word' id='word_1_314' title='bbox 676 1963 861 2009; x_wconf 85' lang='lat' dir='ltr'>obtentu</span> <span class='ocrx_word' id='word_1_315' title='bbox 899 1960 1059 2008; x_wconf 82' lang='lat' dir='ltr'>debitae</span> <span class='ocrx_word' id='word_1_316' title='bbox 1098 1963 1392 2010; x_wconf 87' lang='lat' dir='ltr'>ecclesiasticis</span> <span class='ocrx_word' id='word_1_317' title='bbox 1413 1965 1597 2010; x_wconf 88' lang='lat' dir='ltr'>decretis</span> <span class='ocrx_word' id='word_1_318' title='bbox 1634 1965 1897 2011; x_wconf 72' lang='lat' dir='ltr'>obedientiae</span> <span class='ocrx_word' id='word_1_319' title='bbox 1928 1965 2210 2011; x_wconf 74' lang='lat' dir='ltr'>orthodoxas</span> <span class='ocrx_word' id='word_1_320' title='bbox 2235 1966 2346 2011; x_wconf 71' lang='lat' dir='ltr'>alio-</span> 
     </span>
     <span class='ocr_line' id='line_1_30' title="bbox 115 2029 2346 2094; baseline 0.002 -21"><span class='ocrx_word' id='word_1_321' title='bbox 115 2045 218 2073; x_wconf 82' lang='lat' dir='ltr'>rum</span> <span class='ocrx_word' id='word_1_322' title='bbox 256 2029 493 2092; x_wconf 81' lang='lat' dir='ltr'>opiniones</span> <span class='ocrx_word' id='word_1_323' title='bbox 528 2030 751 2085; x_wconf 82' lang='lat' dir='ltr'>vellicare,</span> <span class='ocrx_word' id='word_1_324' title='bbox 805 2040 1115 2093; x_wconf 68' lang='lat' dir='ltr'>suspectusque</span> <span class='ocrx_word' id='word_1_325' title='bbox 1146 2029 1335 2079; x_wconf 75' lang='lat' dir='ltr'>reddere</span> <span class='ocrx_word' id='word_1_326' title='bbox 1373 2043 1679 2094; x_wconf 76' lang='lat' dir='ltr'>praesumunt.</span> <span class='ocrx_word' id='word_1_327' title='bbox 1738 2030 1826 2078; x_wconf 87' lang='lat' dir='ltr'>Sed</span> <span class='ocrx_word' id='word_1_328' title='bbox 1862 2031 1917 2077; x_wconf 85' lang='lat' dir='ltr'>ad</span> <span class='ocrx_word' id='word_1_329' title='bbox 1960 2030 2225 2078; x_wconf 76' lang='lat' dir='ltr'>methodum</span> <span class='ocrx_word' id='word_1_330' title='bbox 2264 2050 2346 2077; x_wconf 82' lang='lat' dir='ltr'>no-</span> 
     </span>
     <span class='ocr_line' id='line_1_31' title="bbox 123 2096 913 2159; baseline 0.004 -20"><span class='ocrx_word' id='word_1_331' title='bbox 123 2105 257 2140; x_wconf 81' lang='lat' dir='ltr'>stram</span> <span class='ocrx_word' id='word_1_332' title='bbox 296 2096 610 2159; x_wconf 80' lang='lat' dir='ltr'>exponendam</span> <span class='ocrx_word' id='word_1_333' title='bbox 650 2096 913 2143; x_wconf 81' lang='lat' dir='ltr'>redeamus.</span> 
     </span>
    </p>

    <p class='ocr_par' dir='ltr' id='par_1_4' title="bbox 120 2159 2351 2690">
     <span class='ocr_line' id='line_1_32' title="bbox 186 2159 2349 2227; baseline 0.001 -21"><span class='ocrx_word' id='word_1_334' title='bbox 186 2161 364 2224; x_wconf 85' lang='lat' dir='ltr'>Nempe</span> <span class='ocrx_word' id='word_1_335' title='bbox 402 2160 469 2208; x_wconf 85' lang='lat' dir='ltr'>his</span> <span class='ocrx_word' id='word_1_336' title='bbox 506 2161 717 2209; x_wconf 83' lang='lat' dir='ltr'>omnibus</span> <span class='ocrx_word' id='word_1_337' title='bbox 756 2174 1035 2226; x_wconf 76' lang='lat' dir='ltr'>postremum</span> <span class='ocrx_word' id='word_1_338' title='bbox 1072 2159 1281 2208; x_wconf 87' lang='lat' dir='ltr'>volumen</span> <span class='ocrx_word' id='word_1_339' title='bbox 1320 2164 1564 2218; x_wconf 73' lang='lat' dir='ltr'>addemus,</span> <span class='ocrx_word' id='word_1_340' title='bbox 1600 2182 1691 2227; x_wconf 87' lang='lat' dir='ltr'>quo</span> <span class='ocrx_word' id='word_1_341' title='bbox 1728 2165 1963 2212; x_wconf 83' lang='lat' dir='ltr'>Tractatus</span> <span class='ocrx_word' id='word_1_342' title='bbox 1999 2164 2349 2212; x_wconf 85' lang='lat' dir='ltr'>continebuntur</span> 
     </span>
     <span class='ocr_line' id='line_1_33' title="bbox 121 2226 2347 2294; baseline 0.002 -23"><span class='ocrx_word' id='word_1_343' title='bbox 121 2226 175 2271; x_wconf 87' lang='lat' dir='ltr'>de</span> <span class='ocrx_word' id='word_1_344' title='bbox 211 2226 443 2273; x_wconf 77' lang='lat' dir='ltr'>virtutibus</span> <span class='ocrx_word' id='word_1_345' title='bbox 479 2228 770 2294; x_wconf 80' lang='lat' dir='ltr'>theologicis,</span> <span class='ocrx_word' id='word_1_346' title='bbox 808 2230 860 2274; x_wconf 87' lang='lat' dir='ltr'>de</span> <span class='ocrx_word' id='word_1_347' title='bbox 898 2228 1065 2274; x_wconf 82' lang='lat' dir='ltr'>actibus</span> <span class='ocrx_word' id='word_1_348' title='bbox 1091 2227 1326 2284; x_wconf 68' lang='lat' dir='ltr'>humanis,</span> <span class='ocrx_word' id='word_1_349' title='bbox 1364 2249 1414 2276; x_wconf 87' lang='lat' dir='ltr'>ac</span> <span class='ocrx_word' id='word_1_350' title='bbox 1449 2231 1503 2276; x_wconf 89' lang='lat' dir='ltr'>de</span> <span class='ocrx_word' id='word_1_351' title='bbox 1541 2230 1700 2276; x_wconf 85' lang='lat' dir='ltr'>ultimo</span> <span class='ocrx_word' id='word_1_352' title='bbox 1737 2230 1828 2277; x_wconf 86' lang='lat' dir='ltr'>fine</span> <span class='ocrx_word' id='word_1_353' title='bbox 1866 2232 2090 2286; x_wconf 86' lang='lat' dir='ltr'>hominis,</span> <span class='ocrx_word' id='word_1_354' title='bbox 2129 2231 2347 2294; x_wconf 68' lang='lat' dir='ltr'>Optarent</span> 
     </span>
     <span class='ocr_line' id='line_1_34' title="bbox 120 2295 2346 2359; baseline 0.001 -22"><span class='ocrx_word' id='word_1_355' title='bbox 120 2309 226 2338; x_wconf 79' lang='lat' dir='ltr'>vero</span> <span class='ocrx_word' id='word_1_356' title='bbox 262 2295 394 2340; x_wconf 81' lang='lat' dir='ltr'>etiam</span> <span class='ocrx_word' id='word_1_357' title='bbox 430 2296 780 2358; x_wconf 84' lang='lat' dir='ltr'>copiosissimam</span> <span class='ocrx_word' id='word_1_358' title='bbox 819 2296 872 2341; x_wconf 83' lang='lat' dir='ltr'>de</span> <span class='ocrx_word' id='word_1_359' title='bbox 910 2313 956 2340; x_wconf 82' lang='lat' dir='ltr'>re</span> <span class='ocrx_word' id='word_1_360' title='bbox 991 2297 1327 2341; x_wconf 86' lang='lat' dir='ltr'>sacramentaria</span> <span class='ocrx_word' id='word_1_361' title='bbox 1363 2298 1591 2343; x_wconf 81' lang='lat' dir='ltr'>materiem</span> <span class='ocrx_word' id='word_1_362' title='bbox 1629 2299 1839 2359; x_wconf 78' lang='lat' dir='ltr'>aggredi,</span> <span class='ocrx_word' id='word_1_363' title='bbox 1892 2311 1939 2344; x_wconf 89' lang='lat' dir='ltr'>ut</span> <span class='ocrx_word' id='word_1_364' title='bbox 1975 2299 2040 2343; x_wconf 85' lang='lat' dir='ltr'>sin</span> <span class='ocrx_word' id='word_1_365' title='bbox 2077 2298 2226 2343; x_wconf 87' lang='lat' dir='ltr'>minus</span> <span class='ocrx_word' id='word_1_366' title='bbox 2273 2308 2346 2341; x_wconf 61' lang='lat' dir='ltr'>to«</span> 
     </span>
     <span class='ocr_line' id='line_1_35' title="bbox 120 2362 2343 2428; baseline 0.001 -23"><span class='ocrx_word' id='word_1_367' title='bbox 120 2369 238 2415; x_wconf 84' lang='lat' dir='ltr'>tam,</span> <span class='ocrx_word' id='word_1_368' title='bbox 298 2379 397 2424; x_wconf 82' lang='lat' dir='ltr'>quae</span> <span class='ocrx_word' id='word_1_369' title='bbox 434 2362 566 2408; x_wconf 88' lang='lat' dir='ltr'>nimis</span> <span class='ocrx_word' id='word_1_370' title='bbox 602 2363 684 2410; x_wconf 77' lang='lat' dir='ltr'>late</span> <span class='ocrx_word' id='word_1_371' title='bbox 722 2373 870 2428; x_wconf 77' lang='lat' dir='ltr'>patet,</span> <span class='ocrx_word' id='word_1_372' title='bbox 931 2363 1178 2423; x_wconf 69' lang='lat' dir='ltr'>praecipuas</span> <span class='ocrx_word' id='word_1_373' title='bbox 1227 2363 1380 2408; x_wconf 83' lang='lat' dir='ltr'>saltem</span> <span class='ocrx_word' id='word_1_374' title='bbox 1418 2362 1690 2425; x_wconf 80' lang='lat' dir='ltr'>Theologiae</span> <span class='ocrx_word' id='word_1_375' title='bbox 1728 2376 1873 2427; x_wconf 89' lang='lat' dir='ltr'>partes</span> <span class='ocrx_word' id='word_1_376' title='bbox 1916 2364 2343 2425; x_wconf 78' lang='lat' dir='ltr'>complecteremur3</span> 
     </span>
     <span class='ocr_line' id='line_1_36' title="bbox 120 2425 2348 2493; baseline 0.002 -24"><span class='ocrx_word' id='word_1_377' title='bbox 120 2425 195 2470; x_wconf 89' lang='lat' dir='ltr'>sed</span> <span class='ocrx_word' id='word_1_378' title='bbox 232 2443 279 2471; x_wconf 90' lang='lat' dir='ltr'>ea</span> <span class='ocrx_word' id='word_1_379' title='bbox 316 2439 442 2472; x_wconf 78' lang='lat' dir='ltr'>aetate</span> <span class='ocrx_word' id='word_1_380' title='bbox 477 2429 569 2490; x_wconf 86' lang='lat' dir='ltr'>jam</span> <span class='ocrx_word' id='word_1_381' title='bbox 605 2447 733 2486; x_wconf 81' lang='lat' dir='ltr'>sum,</span> <span class='ocrx_word' id='word_1_382' title='bbox 771 2440 818 2476; x_wconf 86' lang='lat' dir='ltr'>ut</span> <span class='ocrx_word' id='word_1_383' title='bbox 843 2445 1019 2490; x_wconf 87' lang='lat' dir='ltr'>sperare</span> <span class='ocrx_word' id='word_1_384' title='bbox 1042 2428 1228 2472; x_wconf 87' lang='lat' dir='ltr'>minime</span> <span class='ocrx_word' id='word_1_385' title='bbox 1252 2428 1407 2483; x_wconf 86' lang='lat' dir='ltr'>liceat,</span> <span class='ocrx_word' id='word_1_386' title='bbox 1443 2446 1514 2473; x_wconf 88' lang='lat' dir='ltr'>me</span> <span class='ocrx_word' id='word_1_387' title='bbox 1541 2440 1711 2473; x_wconf 85' lang='lat' dir='ltr'>tantum</span> <span class='ocrx_word' id='word_1_388' title='bbox 1748 2432 1876 2486; x_wconf 85' lang='lat' dir='ltr'>vitae,</span> <span class='ocrx_word' id='word_1_389' title='bbox 1912 2431 2160 2493; x_wconf 80' lang='lat' dir='ltr'>viriumque</span> <span class='ocrx_word' id='word_1_390' title='bbox 2192 2446 2218 2472; x_wconf 86' lang='lat' dir='ltr'>-a</span> <span class='ocrx_word' id='word_1_391' title='bbox 2244 2429 2348 2475; x_wconf 85' lang='lat' dir='ltr'>Deo</span> 
     </span>
     <span class='ocr_line' id='line_1_37' title="bbox 122 2489 2348 2558; baseline 0.002 -23"><span class='ocrx_word' id='word_1_392' title='bbox 122 2489 438 2549; x_wconf 85' lang='lat' dir='ltr'>obtenturum,</span> <span class='ocrx_word' id='word_1_393' title='bbox 473 2506 520 2539; x_wconf 73' lang='lat' dir='ltr'>ut</span> <span class='ocrx_word' id='word_1_394' title='bbox 557 2495 599 2539; x_wconf 88' lang='lat' dir='ltr'>id</span> <span class='ocrx_word' id='word_1_395' title='bbox 635 2496 848 2558; x_wconf 79' lang='lat' dir='ltr'>perficere</span> <span class='ocrx_word' id='word_1_396' title='bbox 888 2493 1083 2555; x_wconf 64' lang='lat' dir='ltr'>possim,</span> <span class='ocrx_word' id='word_1_397' title='bbox 1121 2510 1265 2556; x_wconf 85' lang='lat' dir='ltr'>neque</span> <span class='ocrx_word' id='word_1_398' title='bbox 1300 2496 1514 2557; x_wconf 77' lang='lat' dir='ltr'>exiguum</span> <span class='ocrx_word' id='word_1_399' title='bbox 1552 2495 1710 2540; x_wconf 80' lang='lat' dir='ltr'>divinae.</span> <span class='ocrx_word' id='word_1_400' title='bbox 1746 2496 2059 2542; x_wconf 80' lang='lat' dir='ltr'>misericordiae</span> <span class='ocrx_word' id='word_1_401' title='bbox 2098 2512 2259 2541; x_wconf 84' lang='lat' dir='ltr'>munus</span> <span class='ocrx_word' id='word_1_402' title='bbox 2279 2512 2348 2540; x_wconf 85' lang='lat' dir='ltr'>re-</span> 
     </span>
     <span class='ocr_line' id='line_1_38' title="bbox 126 2557 2351 2625; baseline 0.001 -24"><span class='ocrx_word' id='word_1_403' title='bbox 126 2557 318 2618; x_wconf 87' lang='lat' dir='ltr'>putabo,</span> <span class='ocrx_word' id='word_1_404' title='bbox 355 2560 390 2604; x_wconf 90' lang='lat' dir='ltr'>si</span> <span class='ocrx_word' id='word_1_405' title='bbox 428 2577 528 2623; x_wconf 67' lang='lat' dir='ltr'>quae</span> <span class='ocrx_word' id='word_1_406' title='bbox 565 2561 609 2605; x_wconf 80' lang='lat' dir='ltr'>in</span> <span class='ocrx_word' id='word_1_407' title='bbox 648 2561 730 2607; x_wconf 89' lang='lat' dir='ltr'>hac</span> <span class='ocrx_word' id='word_1_408' title='bbox 767 2559 1030 2625; x_wconf 75' lang='lat' dir='ltr'>praelatione</span> <span class='ocrx_word' id='word_1_409' title='bbox 1067 2559 1279 2621; x_wconf 86' lang='lat' dir='ltr'>promisi,</span> <span class='ocrx_word' id='word_1_410' title='bbox 1315 2572 1355 2605; x_wconf 79' lang='lat' dir='ltr'>et</span> <span class='ocrx_word' id='word_1_411' title='bbox 1391 2561 1529 2624; x_wconf 82' lang='lat' dir='ltr'>praeto</span> <span class='ocrx_word' id='word_1_412' title='bbox 1565 2561 1656 2623; x_wconf 82' lang='lat' dir='ltr'>jam</span> <span class='ocrx_word' id='word_1_413' title='bbox 1694 2573 1840 2624; x_wconf 85' lang='lat' dir='ltr'>parata</span> <span class='ocrx_word' id='word_1_414' title='bbox 1876 2574 2008 2617; x_wconf 87' lang='lat' dir='ltr'>sunt,</span> <span class='ocrx_word' id='word_1_415' title='bbox 2046 2562 2089 2605; x_wconf 86' lang='lat' dir='ltr'>in</span> <span class='ocrx_word' id='word_1_416' title='bbox 2126 2559 2351 2620; x_wconf 81' lang='lat' dir='ltr'>publicam</span> 
     </span>
     <span class='ocr_line' id='line_1_39' title="bbox 123 2622 1071 2690; baseline 0.006 -25"><span class='ocrx_word' id='word_1_417' title='bbox 123 2622 266 2669; x_wconf 77' lang='lat' dir='ltr'>lucem</span> <span class='ocrx_word' id='word_1_418' title='bbox 304 2626 483 2671; x_wconf 86' lang='lat' dir='ltr'>tandem</span> <span class='ocrx_word' id='word_1_419' title='bbox 520 2627 734 2690; x_wconf 87' lang='lat' dir='ltr'>prodiisse</span> <span class='ocrx_word' id='word_1_420' title='bbox 769 2623 929 2674; x_wconf 90' lang='lat' dir='ltr'>videbo</span> <span class='ocrx_word' id='word_1_421' title='bbox 967 2624 1071 2686; x_wconf 80' lang='grc' dir='ltr'>(α).</span> 
     </span>
    </p>

    <p class='ocr_par' dir='ltr' id='par_1_5' title="bbox 127 2688 2348 3023">
     <span class='ocr_line' id='line_1_40' title="bbox 195 2688 2345 2756; baseline 0.001 -23"><span class='ocrx_word' id='word_1_422' title='bbox 195 2688 305 2734; x_wconf 82' lang='lat' dir='ltr'>Non</span> <span class='ocrx_word' id='word_1_423' title='bbox 341 2693 451 2737; x_wconf 86' lang='lat' dir='ltr'>adeo</span> <span class='ocrx_word' id='word_1_424' title='bbox 488 2693 664 2755; x_wconf 83' lang='lat' dir='ltr'>ineptus</span> <span class='ocrx_word' id='word_1_425' title='bbox 699 2711 824 2750; x_wconf 82' lang='lat' dir='ltr'>sum,</span> <span class='ocrx_word' id='word_1_426' title='bbox 861 2703 906 2736; x_wconf 88' lang='lat' dir='ltr'>ut</span> <span class='ocrx_word' id='word_1_427' title='bbox 929 2690 1040 2736; x_wconf 88' lang='lat' dir='ltr'>mihi</span> <span class='ocrx_word' id='word_1_428' title='bbox 1076 2689 1157 2753; x_wconf 81' lang='lat' dir='ltr'>ipsi</span> <span class='ocrx_word' id='word_1_429' title='bbox 1178 2689 1401 2748; x_wconf 82' lang='lat' dir='ltr'>blandiar,</span> <span class='ocrx_word' id='word_1_430' title='bbox 1442 2691 1506 2738; x_wconf 90' lang='lat' dir='ltr'>vel</span> <span class='ocrx_word' id='word_1_431' title='bbox 1543 2692 1634 2738; x_wconf 82' lang='lat' dir='ltr'>aliis</span> <span class='ocrx_word' id='word_1_432' title='bbox 1671 2692 1932 2756; x_wconf 85' lang='lat' dir='ltr'>persuadere</span> <span class='ocrx_word' id='word_1_433' title='bbox 1969 2691 2129 2746; x_wconf 85' lang='lat' dir='ltr'>velim,</span> <span class='ocrx_word' id='word_1_434' title='bbox 2166 2708 2237 2737; x_wconf 86' lang='lat' dir='ltr'>me</span> <span class='ocrx_word' id='word_1_435' title='bbox 2264 2706 2345 2736; x_wconf 86' lang='lat' dir='ltr'>no-</span> 
     </span>
     <span class='ocr_line' id='line_1_41' title="bbox 127 2756 2344 2822; baseline 0.003 -24"><span class='ocrx_word' id='word_1_436' title='bbox 127 2768 178 2799; x_wconf 82' lang='lat' dir='ltr'>va</span> <span class='ocrx_word' id='word_1_437' title='bbox 213 2756 399 2802; x_wconf 87' lang='lat' dir='ltr'>attulisse</span> <span class='ocrx_word' id='word_1_438' title='bbox 421 2792 435 2813; x_wconf 86' lang='lat'>,</span> <span class='ocrx_word' id='word_1_439' title='bbox 490 2758 650 2822; x_wconf 87' lang='lat' dir='ltr'>quibus</span> <span class='ocrx_word' id='word_1_440' title='bbox 686 2758 985 2820; x_wconf 70' lang='lat' dir='ltr'>theologicam</span> <span class='ocrx_word' id='word_1_441' title='bbox 1025 2758 1251 2804; x_wconf 85' lang='lat' dir='ltr'>scientiam</span> <span class='ocrx_word' id='word_1_442' title='bbox 1288 2770 1358 2805; x_wconf 87' lang='lat' dir='ltr'>aut</span> <span class='ocrx_word' id='word_1_443' title='bbox 1408 2758 1635 2804; x_wconf 84' lang='lat' dir='ltr'>ditaverim</span> <span class='ocrx_word' id='word_1_444' title='bbox 1657 2794 1668 2812; x_wconf 91' lang='lat'>,</span> <span class='ocrx_word' id='word_1_445' title='bbox 1720 2770 1793 2802; x_wconf 82' lang='lat' dir='ltr'>aut</span> <span class='ocrx_word' id='word_1_446' title='bbox 1828 2759 2060 2821; x_wconf 80' lang='lat' dir='ltr'>peregrina</span> <span class='ocrx_word' id='word_1_447' title='bbox 2096 2758 2344 2819; x_wconf 74' lang='lat' dir='ltr'>eruditione</span> 
     </span>
     <span class='ocr_line' id='line_1_42' title="bbox 127 2819 2348 2889; baseline 0 -25"><span class='ocrx_word' id='word_1_448' title='bbox 127 2819 459 2867; x_wconf 83' lang='lat' dir='ltr'>illustraverim:</span> <span class='ocrx_word' id='word_1_449' title='bbox 497 2827 587 2872; x_wconf 90' lang='lat' dir='ltr'>imo</span> <span class='ocrx_word' id='word_1_450' title='bbox 623 2827 808 2873; x_wconf 85' lang='lat' dir='ltr'>candide</span> <span class='ocrx_word' id='word_1_451' title='bbox 847 2821 1005 2878; x_wconf 70' lang='lat' dir='ltr'>fateor,</span> <span class='ocrx_word' id='word_1_452' title='bbox 1045 2842 1144 2888; x_wconf 80' lang='lat' dir='ltr'>quae</span> <span class='ocrx_word' id='word_1_453' title='bbox 1180 2827 1364 2888; x_wconf 88' lang='lat' dir='ltr'>sparsim</span> <span class='ocrx_word' id='word_1_454' title='bbox 1401 2825 1518 2887; x_wconf 89' lang='lat' dir='ltr'>apud</span> <span class='ocrx_word' id='word_1_455' title='bbox 1556 2823 1716 2869; x_wconf 87' lang='lat' dir='ltr'>multos</span> <span class='ocrx_word' id='word_1_456' title='bbox 1755 2825 1958 2889; x_wconf 76' lang='lat' dir='ltr'>egregios</span> <span class='ocrx_word' id='word_1_457' title='bbox 1995 2824 2242 2886; x_wconf 80' lang='lat' dir='ltr'>Scriptores</span> <span class='ocrx_word' id='word_1_458' title='bbox 2280 2826 2348 2869; x_wconf 83' lang='lat' dir='ltr'>in.</span> 
     </span>
     <span class='ocr_line' id='line_1_43' title="bbox 128 2887 2348 2955; baseline 0.003 -25"><span class='ocrx_word' id='word_1_459' title='bbox 128 2887 258 2942; x_wconf 83' lang='lat' dir='ltr'>veni,</span> <span class='ocrx_word' id='word_1_460' title='bbox 297 2888 518 2949; x_wconf 84' lang='lat' dir='ltr'>praecipue</span> <span class='ocrx_word' id='word_1_461' title='bbox 555 2904 698 2939; x_wconf 84' lang='lat' dir='ltr'>autem</span> <span class='ocrx_word' id='word_1_462' title='bbox 738 2894 779 2938; x_wconf 86' lang='lat' dir='ltr'>in</span> <span class='ocrx_word' id='word_1_463' title='bbox 818 2893 869 2938; x_wconf 81' lang='lat' dir='ltr'>iis</span> <span class='ocrx_word' id='word_1_464' title='bbox 906 2891 1115 2954; x_wconf 76' lang='lat' dir='ltr'>Angelici</span> <span class='ocrx_word' id='word_1_465' title='bbox 1153 2890 1448 2955; x_wconf 78' lang='lat' dir='ltr'>Praeceptoris</span> <span class='ocrx_word' id='word_1_466' title='bbox 1484 2890 1568 2937; x_wconf 86' lang='lat' dir='ltr'>mei</span> <span class='ocrx_word' id='word_1_467' title='bbox 1606 2888 1838 2952; x_wconf 85' lang='lat' dir='ltr'>operibus,</span> <span class='ocrx_word' id='word_1_468' title='bbox 1878 2909 1976 2955; x_wconf 81' lang='lat' dir='ltr'>quae</span> <span class='ocrx_word' id='word_1_469' title='bbox 2014 2901 2079 2936; x_wconf 83' lang='lat' dir='ltr'>tot</span> <span class='ocrx_word' id='word_1_470' title='bbox 2115 2890 2348 2937; x_wconf 85' lang='lat' dir='ltr'>Romano·</span> 
     </span>
     <span class='ocr_line' id='line_1_44' title="bbox 131 2953 2340 3023; baseline 0.003 -27"><span class='ocrx_word' id='word_1_471' title='bbox 131 2969 232 2998; x_wconf 83' lang='lat' dir='ltr'>rum</span> <span class='ocrx_word' id='word_1_472' title='bbox 270 2953 542 3000; x_wconf 85' lang='lat' dir='ltr'>Pontificum</span> <span class='ocrx_word' id='word_1_473' title='bbox 565 2991 576 3012; x_wconf 91' lang='lat'>,</span> <span class='ocrx_word' id='word_1_474' title='bbox 612 2958 889 3023; x_wconf 85' lang='lat' dir='ltr'>aliorumque</span> <span class='ocrx_word' id='word_1_475' title='bbox 924 2974 1206 3003; x_wconf 87' lang='lat' dir='ltr'>summorum</span> <span class='ocrx_word' id='word_1_476' title='bbox 1242 2960 1438 3008; x_wconf 79' lang='lat' dir='ltr'>virorum</span> <span class='ocrx_word' id='word_1_477' title='bbox 1475 2955 1674 3003; x_wconf 83' lang='lat' dir='ltr'>laudibus</span> <span class='ocrx_word' id='word_1_478' title='bbox 1712 2957 2016 3003; x_wconf 82' lang='lat' dir='ltr'>commendari</span> <span class='ocrx_word' id='word_1_479' title='bbox 2053 2969 2340 3014; x_wconf 83' lang='lat' dir='ltr'>meruerunt,</span> 
     </span>
    </p>

    <p class='ocr_par' dir='ltr' id='par_1_6' title="bbox 2239 3032 2279 3068">
     <span class='ocr_line' id='line_1_45' title="bbox 2239 3032 2279 3068; baseline -0.025 0"><span class='ocrx_word' id='word_1_480' title='bbox 2239 3032 2279 3068; x_wconf 80' lang='lat' dir='ltr'>et</span> 
     </span>
    </p>
   </div>
   <div class='ocr_carea' id='block_1_3' title="bbox 131 3153 2344 3371">
    <p class='ocr_par' dir='ltr' id='par_1_7' title="bbox 131 3153 2344 3371">
     <span class='ocr_line' id='line_1_46' title="bbox 185 3153 2344 3213; baseline 0.001 -22"><span class='ocrx_word' id='word_1_481' title='bbox 185 3154 250 3205; x_wconf 82' lang='lat' dir='ltr'>(a)</span> <span class='ocrx_word' id='word_1_482' title='bbox 280 3153 487 3195; x_wconf 74' lang='lat' dir='ltr'>postulata</span> <span class='ocrx_word' id='word_1_483' title='bbox 516 3155 630 3210; x_wconf 70' lang='lat' dir='ltr'>liujus</span> <span class='ocrx_word' id='word_1_484' title='bbox 658 3161 824 3210; x_wconf 76' lang='lat' dir='ltr'>piissimi</span> <span class='ocrx_word' id='word_1_485' title='bbox 853 3172 903 3197; x_wconf 87' lang='lat' dir='ltr'>ac</span> <span class='ocrx_word' id='word_1_486' title='bbox 932 3158 1149 3199; x_wconf 75' lang='lat' dir='ltr'>doctissimi</span> <span class='ocrx_word' id='word_1_487' title='bbox 1179 3158 1262 3200; x_wconf 80' lang='lat' dir='ltr'>Viri</span> <span class='ocrx_word' id='word_1_488' title='bbox 1291 3163 1446 3213; x_wconf 75' lang='lat' dir='ltr'>excepit</span> <span class='ocrx_word' id='word_1_489' title='bbox 1462 3157 1572 3197; x_wconf 77' lang='lat' dir='ltr'>Deus</span> <span class='ocrx_word' id='word_1_490' title='bbox 1589 3185 1598 3195; x_wconf 88' lang='lat'><strong><em>.</em></strong></span> <span class='ocrx_word' id='word_1_491' title='bbox 1629 3153 1814 3198; x_wconf 74' lang='lat' dir='ltr'>AEtatem</span> <span class='ocrx_word' id='word_1_492' title='bbox 1843 3159 2052 3207; x_wconf 76' lang='lat' dir='ltr'>sustinuit,</span> <span class='ocrx_word' id='word_1_493' title='bbox 2083 3161 2252 3207; x_wconf 66' lang='lat' dir='ltr'>viresque</span> <span class='ocrx_word' id='word_1_494' title='bbox 2279 3154 2344 3193; x_wconf 74' lang='lat' dir='ltr'>de-</span> 
     </span>
     <span class='ocr_line' id='line_1_47' title="bbox 131 3204 2343 3265; baseline 0.002 -22"><span class='ocrx_word' id='word_1_495' title='bbox 131 3204 186 3244; x_wconf 80' lang='lat' dir='ltr'>dit</span> <span class='ocrx_word' id='word_1_496' title='bbox 203 3237 213 3255; x_wconf 92' lang='lat'>,</span> <span class='ocrx_word' id='word_1_497' title='bbox 243 3217 284 3245; x_wconf 79' lang='lat' dir='ltr'>ut</span> <span class='ocrx_word' id='word_1_498' title='bbox 314 3209 422 3260; x_wconf 82' lang='lat' dir='ltr'>Opus</span> <span class='ocrx_word' id='word_1_499' title='bbox 450 3216 615 3249; x_wconf 84' lang='lat' dir='ltr'>omnino</span> <span class='ocrx_word' id='word_1_500' title='bbox 643 3212 851 3264; x_wconf 82' lang='lat' dir='ltr'>perficeret</span> <span class='ocrx_word' id='word_1_501' title='bbox 868 3239 878 3250; x_wconf 92' lang='lat'><strong>.</strong></span> <span class='ocrx_word' id='word_1_502' title='bbox 907 3212 998 3251; x_wconf 79' lang='lat' dir='ltr'>Duo</span> <span class='ocrx_word' id='word_1_503' title='bbox 1028 3219 1136 3253; x_wconf 86' lang='lat' dir='ltr'>enim</span> <span class='ocrx_word' id='word_1_504' title='bbox 1165 3217 1365 3253; x_wconf 66' lang='lat' dir='ltr'>volumina</span> <span class='ocrx_word' id='word_1_505' title='bbox 1385 3216 1629 3265; x_wconf 77' lang='lat' dir='ltr'>composuit,</span> <span class='ocrx_word' id='word_1_506' title='bbox 1659 3217 1700 3250; x_wconf 84' lang='lat' dir='ltr'>in</span> <span class='ocrx_word' id='word_1_507' title='bbox 1729 3209 1863 3264; x_wconf 77' lang='lat' dir='ltr'>quibus</span> <span class='ocrx_word' id='word_1_508' title='bbox 1892 3211 2030 3250; x_wconf 74' lang='lat' dir='ltr'>eodem</span> <span class='ocrx_word' id='word_1_509' title='bbox 2058 3214 2216 3262; x_wconf 78' lang='lat' dir='ltr'>ingenio</span> <span class='ocrx_word' id='word_1_510' title='bbox 2233 3239 2243 3256; x_wconf 93' lang='lat'>,</span> <span class='ocrx_word' id='word_1_511' title='bbox 2274 3223 2343 3246; x_wconf 78' lang='grc' dir='ltr'>θα-</span> 
     </span>
     <span class='ocr_line' id='line_1_48' title="bbox 131 3258 2342 3321; baseline 0 -21"><span class='ocrx_word' id='word_1_512' title='bbox 131 3258 299 3311; x_wconf 79' lang='lat' dir='ltr'>demque</span> <span class='ocrx_word' id='word_1_513' title='bbox 328 3263 545 3302; x_wconf 77' lang='lat' dir='ltr'>eruditione</span> <span class='ocrx_word' id='word_1_514' title='bbox 574 3259 934 3304; x_wconf 62' lang='lat' dir='ltr'>sacramentorum</span> <span class='ocrx_word' id='word_1_515' title='bbox 965 3272 1176 3308; x_wconf 73' lang='lat' dir='ltr'>materiem</span> <span class='ocrx_word' id='word_1_516' title='bbox 1203 3267 1481 3321; x_wconf 67' lang='lat' dir='ltr'>pertraHorii,</span> <span class='ocrx_word' id='word_1_517' title='bbox 1511 3279 1675 3317; x_wconf 67' lang='lat' dir='ltr'>quaeque</span> <span class='ocrx_word' id='word_1_518' title='bbox 1704 3274 1885 3305; x_wconf 59' lang='lat' dir='ltr'>octavum</span> <span class='ocrx_word' id='word_1_519' title='bbox 1903 3294 1913 3314; x_wconf 79' lang='lat'>‚</span> <span class='ocrx_word' id='word_1_520' title='bbox 1950 3266 1999 3306; x_wconf 68' lang='lat'>&lt;9¹</span> <span class='ocrx_word' id='word_1_521' title='bbox 2028 3276 2169 3303; x_wconf 67' lang='lat' dir='ltr'>norum</span> <span class='ocrx_word' id='word_1_522' title='bbox 2202 3262 2342 3301; x_wconf 80' lang='lat' dir='ltr'>Tomos</span> 
     </span>
     <span class='ocr_line' id='line_1_49' title="bbox 131 3310 984 3371; baseline 0.012 -23"><span class='ocrx_word' id='word_1_523' title='bbox 131 3310 394 3360; x_wconf 77' lang='lat' dir='ltr'>efformantia</span> <span class='ocrx_word' id='word_1_524' title='bbox 411 3347 423 3366; x_wconf 88' lang='lat'>,</span> <span class='ocrx_word' id='word_1_525' title='bbox 452 3331 559 3357; x_wconf 79' lang='lat' dir='ltr'>nunc</span> <span class='ocrx_word' id='word_1_526' title='bbox 586 3322 762 3371; x_wconf 80' lang='lat' dir='ltr'>primum</span> <span class='ocrx_word' id='word_1_527' title='bbox 792 3317 984 3359; x_wconf 79' lang='lat' dir='ltr'>eduntur.</span> 
     </span>
    </p>
   </div>
  </div>
 </body>
</html>
