2564 3706
761 79 1100 131 SCRIPTUM
1135 83 1269 129 NON
1301 82 1416 128 EST
1434 71 1681 129 cmm.

77 170 236 220 incipit.
269 165 349 209 Ubi
379 164 575 218 distinguit
603 165 835 219 Augustinus
863 181 922 206 res
950 167 997 205 ad
1026 165 1186 204 salutem

80 225 304 262 necessarias
321 252 331 269 ,
361 230 499 273 easque
527 233 634 272 posse
662 236 684 258 a
711 220 883 274 quolibet
911 223 949 258 in
978 219 1187 272 Scripturis

78 277 253 328 cognosci
281 276 415 320 docet3
458 272 491 309 8<
521 274 705 326 mysteria
734 276 781 313 ad
822 274 939 312 fidem
968 286 1042 312 non
1072 275 1186 325 perti-

76 329 233 375 nentia,
280 326 316 364 8(
346 326 431 365 haec
460 326 540 365 sola
576 328 764 379 impervia
801 341 877 366 esse
904 328 1019 365 dicit.
1067 327 1115 364 Et
1144 328 1185 364 in

78 381 166 420 Lib.
188 379 238 418 ΙΙ.
267 379 317 418 de
338 379 518 418 Dofirin.
551 379 691 419 Clzrist.
721 395 807 434 cap.
828 382 867 420 6.
895 381 1058 419 obscura
1077 391 1185 432 qute-

76 433 167 471 dam
195 434 235 471 in
263 433 464 487 Scriptura
493 446 570 472 esse
598 435 771 473 concedit
792 465 802 482 ‚
833 433 914 472 vult
942 443 1091 481 tamen,
1120 448 1184 471 ea·-

75 485 162 524 dem
191 499 298 538 posse
327 501 372 525 ex
402 487 489 525 aliis
518 486 610 525 locis
639 487 867 526 clarioribus
898 489 1097 540 perspicue
1127 487 1184 523 in-

75 537 224 592 telligi.
258 540 488 593 Magnifice
510 570 520 588 ‚
551 542 674 592 inquit
691 572 702 590 ‚
726 543 797 581 (9¹
825 540 1034 578 salubriter
1063 540 1184 589 Spiri-

75 600 140 630 tus
160 592 331 631 SanHus
351 594 578 643 Scripturas
606 607 750 632 sacras
770 593 1012 647 modificavit
1032 624 1043 641 ‚
1074 602 1111 629 ut
1133 594 1186 630 lo-

76 648 134 683 cis
163 646 421 698 apertioribus
456 647 574 698 fami
607 657 832 686 occurreret
852 677 863 695 ,
903 645 1187 684 obscurioribus

75 708 214 738 autem
231 700 414 752 fastidia
435 700 654 752 detergeret
675 729 686 740 .
717 700 946 751 Nthtttentm
963 699 1060 752 fere
1080 699 1126 736 de
1142 700 1185 735 il-

75 752 124 790 lis
151 752 449 792 obscuritatibus
477 759 645 804 eruitur,
687 754 788 805 quod
829 767 910 791 non
952 754 1187 803 planissime

75 804 221 844 elifium
250 806 344 846 alibi
362 812 584 860 reperiatur
598 835 610 848 .
641 808 750 846 Unde
770 807 977 845 adversarii
999 807 1185 852 inferunt,

74 857 159 898 loca
187 859 398 914 Scriptura:
428 862 590 901 obscura
634 875 739 913 posse
775 857 891 898 facile
919 858 1079 909 intelligi
1097 887 1108 906 ,
1155 859 1187 896 si

73 910 182 965 juxta
204 913 510 953 Hermeneuticae
532 914 679 966 regulas
700 943 711 960 ,
740 926 808 965 per
836 911 911 949 alia
941 910 1104 948 clariora
1124 923 1187 946 ex-

75 965 294 1018 plicentur.
325 970 380 1007 Ac
408 969 564 1006 demum
594 969 633 1004 in
662 966 736 1003 fine
767 964 854 1002 Lib.
876 964 924 1000 ΙΙ.
954 962 1003 1000 cle
1031 971 1186 1012 peccat·

76 1023 255 1069 meritis,
284 1022 334 1062 <⁹9⁴
363 1024 596 1058 remissione
625 1018 709 1056 haec
739 1017 881 1054 habet:
911 1014 972 1052 ubi
993 1015 1040 1053 cle
1061 1028 1104 1053 re
1123 1013 1187 1052 ob-

76 1077 311 1112 scurissima
340 1073 589 1124 disputatur,
617 1085 700 1108 non
727 1068 1007 1122 adjuvantibus
1036 1068 1188 1106 (livina-

75 1138 166 1164 rum
195 1127 492 1175 Scripturarum
521 1128 640 1163 certis
661 1154 672 1172 ‚
714 1123 911 1175 clarisque
954 1135 1188 1160 monumen·

74 1183 124 1216 tis
145 1208 156 1226 ‚
196 1178 372 1218 cohibere
399 1193 443 1217 se
477 1178 591 1217 debet
620 1177 805 1215 humana
832 1181 1088 1228 praesumptio
1108 1203 1119 1214 .
1141 1202 1151 1214 .
1174 1201 1186 1214 .

75 1230 180 1270 Illud
207 1241 348 1271 tamen
377 1232 521 1281 credo,
570 1231 672 1282 quod
698 1235 825 1270 etiam
867 1230 928 1268 hic
965 1229 1185 1268 divinorum

73 1282 292 1324 aufloritas
320 1296 424 1325 esset
440 1316 451 1335 ,
480 1290 514 1324 si
542 1284 657 1324 homo
684 1284 725 1322 ici
752 1288 838 1322 sine
867 1283 1070 1336 dispendio
1097 1296 1185 1336 pro-

78 1342 217 1376 missae
245 1340 387 1377 salutis
415 1344 603 1393 ignorare
631 1352 713 1377 non
741 1347 870 1390 posset
887 1364 898 1376 .

129 1391 195 1430 62.
227 1391 339 1444 Resp.
369 1393 428 1432 Ad
457 1403 624 1432 mentem
652 1392 880 1430 Sanctorum
899 1390 1054 1430 Patrum
1084 1390 1188 1429 Sexi·

74 1454 204 1497 pturas
233 1459 312 1484 esse
341 1448 560 1498 perspicuas
588 1448 629 1495 in
660 1444 824 1484 historiis
844 1475 855 1491 ‚
898 1445 1186 1498 moralibusque

76 1501 308 1551 praeceptis,
338 1499 372 1536 ἃ
400 1501 517 1539 etiam
535 1529 546 1548 ,
575 1501 606 1539 si
637 1499 788 1552 placet,
831 1499 871 1536 in
900 1500 1110 1552 praecipuis
1140 1497 1186 1535 fi-

77 1552 140 1590 dei
170 1552 412 1604 dogmatibus
433 1584 444 1602 ‚
473 1567 562 1606 quae
591 1568 613 1592 a
633 1554 784 1591 nemine
814 1553 979 1604 ignorari
1010 1560 1187 1605 possunt3

79 1618 156 1643 non
185 1615 312 1644 tamen
342 1607 516 1659 ubique,
545 1606 579 1642 ἃ
600 1606 640 1644 in
669 1605 878 1653 omnibus,
908 1619 995 1657 quae
1028 1604 1188 1650 Pastori-

78 1657 154 1697 bus
175 1689 186 1707 ,
216 1657 250 1696 8<
279 1659 536 1707 Doctoribus,
574 1657 738 1712 aliisque
767 1659 976 1711 praecipuis
1006 1657 1190 1696 Ecclesiae

78 1711 266 1750 membris
292 1721 381 1750 nota
410 1725 486 1751 esse
513 1712 676 1760 debent,
719 1712 753 1749 8<
784 1721 885 1750 certa
906 1738 917 1750 .
958 1712 1042 1751 Non
1072 1711 1192 1751 aliam

77 1778 159 1802 esse
185 1764 227 1804 S.
255 1764 314 1803 J0.
341 1764 603 1818 Chrysostomi
633 1773 798 1804 mentem
819 1795 831 1814 ,
872 1764 991 1818 liquet
1028 1777 1072 1802 ex
1101 1778 1193 1803 con-

76 1824 210 1864 textu;
239 1817 307 1856 ubi
337 1820 441 1857 enim
469 1832 604 1857 eorum
634 1827 862 1871 praetextum
892 1818 1093 1868 refellens,
1123 1820 1192 1872 qui

78 1885 103 1909 a
123 1870 330 1922 Scripturis
358 1871 528 1924 legendis
556 1885 595 1911 se
615 1872 846 1910 excusabant
868 1903 877 1920 ,
906 1874 1008 1925 quod
1037 1887 1100 1911 eas
1120 1885 1192 1910 non

81 1921 367 1975 intelligerent,
396 1927 543 1978 inquit:
595 1925 692 1975 Quis
721 1924 913 1974 audiens,
943 1925 1077 1963 beatos
1105 1938 1192 1963 esse

80 1981 197 2014 mites
217 2006 228 2024 ‚
258 1975 393 2015 beatos
423 1977 699 2016 misericordes
714 2007 725 2026 ‚
767 1977 901 2015 beatos
930 1978 1078 2015 mundo
1106 1990 1192 2016 cor-

79 2028 130 2068 de
151 2059 162 2077 ,
190 2037 402 2082 ceteraque
429 2029 678 2079 hujusmodi,
707 2029 832 2083 egebit
851 2043 982 2081 praece
1010 2039 1092 2069 tore
1108 2061 1119 2080 ‚
1149 2040 1191 2069 ut

62 2081 231 2135 *aliquid
257 2096 395 2123 eorum
423 2080 581 2133 discat,
608 2097 700 2136 quoe
728 2083 942 2124 dicuntur?
1009 2098 1121 2123 erum
1138 2090 1190 2123 si-

81 2149 195 2189 gna,
223 2139 452 2187 miracula,
481 2137 655 2189 historice
684 2151 763 2175 non
792 2141 909 2175 cuivis
938 2147 1034 2176 nota
1057 2168 1067 2186 ‚
1098 2152 1190 2176 ma-

79 2189 307 2243 nifestaque
348 2200 439 2230 sunt
458 2188 484 2229 Ρ
525 2191 584 2230 En
613 2205 703 2243 quae
731 2190 836 2229 clara
879 2192 917 2227 in
946 2190 1156 2242 Scripturis
1177 2221 1189 2239 ,

78 2245 356 2300 manifestaque
383 2254 468 2284 sunt
489 2271 500 2282 .
536 2244 611 2282 Sed
640 2243 743 2282 haud
772 2245 951 2294 ignorans
979 2243 1019 2281 S.
1050 2243 1160 2281 Pater
1177 2274 1188 2292 ,

75 2296 157 2338 alia
185 2312 264 2338 esse
305 2299 554 2345 obscuriora,
602 2309 673 2349 pro
703 2298 747 2335 iis
787 2296 1040 2348 intelligendis
1068 2295 1186 2335 aliam

79 2351 253 2403 regulam
282 2352 420 2390 deinde
449 2351 590 2399 tradit,
619 2350 803 2389 subdens:
836 2349 950 2402 Quod
970 2354 1003 2388 si
1023 2363 1101 2387 non
1121 2365 1188 2403 po-

79 2409 176 2442 teris
205 2404 446 2442 assiduitate
471 2403 643 2442 leffionis
673 2408 866 2453 invenire,
897 2404 998 2455 quod
1018 2404 1158 2442 dicitur
1174 2435 1185 2454 ,

78 2455 229 2501 accede
256 2457 313 2494 ad
332 2462 618 2508 sapientiorem
636 2489 646 2506 ‚
676 2458 776 2496 vade
795 2457 850 2496 ad
869 2457 1082 2496 DoHorem
1099 2459 1187 2498 &c-

80 2509 193 2558 Quod
214 2511 245 2548 si
267 2511 447 2550 Doctores
463 2542 475 2560 ‚
504 2511 540 2548 &
560 2513 784 2564 interpretes
813 2513 910 2552 inter
937 2525 975 2548 se
1005 2525 1077 2550 non
1097 2525 1187 2550 con-

74 2565 267 2611 sentiant,
287 2565 380 2616 quid
395 2565 501 2603 aliud
523 2574 653 2612 restat,
684 2566 757 2603 nisi
779 2563 994 2602 Ecclesiam
1013 2567 1190 2603 omnium

79 2615 294 2655 Doctorum
322 2619 545 2670 magistram
567 2619 700 2657 audire
720 2617 735 2657 ἓ
764 2619 869 2656 Jdem
904 2627 954 2655 est
975 2619 1089 2655 etiam
1112 2633 1191 2657 sen-

81 2683 145 2708 sus
174 2669 338 2708 aliorum
368 2671 574 2710 verborum
605 2675 687 2724 (ex
717 2672 834 2710 Hom.
856 2671 921 2709 lll.
953 2672 991 2708 in
1020 2672 1128 2723 epist.
1154 2686 1189 2711 2.

83 2724 132 2762 ad
153 2722 328 2762 Thessal.
350 2725 393 2773 );
423 2727 476 2765 ita
505 2727 606 2764 enim
638 2727 782 2777 pergit:
815 2724 1018 2774 Quaenam
1048 2738 1100 2761 ea
1126 2724 1191 2763 ob-

83 2780 279 2826 scuritas,
309 2777 372 2816 dic
399 2778 567 2830 quaeso?
598 2779 747 2824 Annon
764 2788 854 2816 sunt
875 2776 1080 2816 historice?
1108 2778 1191 2817 No-

85 2833 169 2878 sti,
212 2845 302 2882 quae
331 2841 421 2870 sunt
449 2834 593 2880 clara,
641 2834 690 2874 Θ·
721 2832 920 2881 dilucida,
963 2842 1004 2869 ut
1041 2831 1089 2870 de
1117 2837 1191 2882 iis,

85 2896 176 2935 quoe
204 2895 293 2921 sunt
324 2884 492 2924 obscura
509 2917 518 2934 ,
548 2892 815 2936 perconteris.

140 2936 206 2975 63.
237 2938 294 2976 Ad
318 2953 353 2976 2.
386 2940 483 2977 Dico
499 2970 509 2986 ,
540 2950 705 2979 mentem
721 2941 761 2979 S.
780 2941 978 2992 Augustini
995 2953 1071 2978 esse
1088 2970 1098 2988 ,
1128 2954 1170 2978 ea
1184 2970 1194 2988 ‚

86 3004 177 3043 quae
206 2992 253 3029 ad
284 2991 442 3029 salutem
475 2995 688 3044 pertinent,
740 3008 831 3032 ›osse
859 2996 939 3032 sine
969 3004 1066 3032 tanta
1095 2993 1197 3031 diffi-

85 3043 225 3082 cultate
255 3046 292 3082 in
322 3047 438 3082 sacris
468 3046 602 3083 litteris
631 3046 818 3099 inteligi,
849 3049 878 3086 si
908 3057 1032 3086 tamen
1062 3046 1197 3085 Eccle-

86 3097 156 3135 εἰει
186 3098 450 3150 magisterium
480 3099 702 3149 audiamus,
745 3113 817 3139 non
848 3104 974 3140 autem
1005 3103 1035 3139 si
1064 3114 1107 3138 eo
1138 3114 1194 3138 re-

89 3267 110 3308 ⁶
135 3222 186 3298 (g)
208 3218 292 3253 Vid.
317 3219 422 3254 Card.
449 3220 610 3254 Norisius
636 3220 672 3254 in
696 3220 878 3259 Vindiciis
897 3226 1042 3271 Angust-
1069 3222 1193 3269 ⁰³1³·4·

139 3315 190 3354 (b)
221 3312 337 3345 Etiam
355 3312 441 3346 Lnd.
461 3314 706 3358 Wotzogenins
726 3316 949 3353 collationem
971 3317 1126 3365 plurium
1143 3318 1195 3352 lo-

202 3357 442 3413 Gazzaniga
474 3360 606 3402 leeol.
637 3360 750 3402 Tom.
768 3362 801 3402 J.

2207 83 2291 139 '161

1252 163 1351 217 jecto
1377 172 1515 202 nostrae
1545 167 1697 202 rationis
1740 164 1871 206 lumen
1900 167 2083 208 duntaxat
2122 182 2356 225 sequamur·

1254 219 1296 257 Id
1323 218 1427 255 enim
1457 219 1636 255 sexcentis
1667 219 1703 254 in
1733 217 1824 256 locis
1852 221 1892 258 S.
1921 220 2030 260 Pater
2076 226 2268 272 insinuat3
2310 239 2359 264 ex

1253 272 1395 324 quibus
1425 284 1548 324 pauca
1579 283 1646 322 pro
1675 274 1856 322 temporis
1876 278 2050 324 angustia
2078 278 2258 330 seligam.
2290 279 2356 318 Li-

1252 325 1323 364 bro
1343 326 1409 363 111.
1440 323 1487 362 de
1514 323 1640 361 doctr.
1670 322 1812 360 Christ.
1843 339 1876 362 c.
1910 339 1945 364 α.
1998 328 2098 367 Cum
2125 332 2241 370 verba
2268 346 2357 383 pro-

1251 382 1341 429 pria
1363 409 1373 427 ‚
1403 379 1527 431 inquit
1544 407 1554 426 ‚
1572 376 1742 429 faciunt
1771 376 2006 430 ambiguam
2037 382 2284 434 Scripturam
2302 413 2358 426 ....

1254 433 1437 470 consulat
1466 432 1649 483 regulam
1668 429 1796 483 fidei,
1833 444 1957 481 quam
1987 433 2035 471 de
2063 435 2362 487 Scriptus-arum

1250 484 1491 536 planioribus
1520 486 1641 532 locis,
1683 485 1733 525 (θ’
1762 483 1962 523 Ecclesioe
2003 486 2239 528 (infimitate
2275 506 2363 541 per-

1251 543 1373 590 cepit.
1396 539 1483 577 Lib.
1502 539 1531 576 l.
1548 547 1654 576 cont.
1677 536 1929 576 Cres-conium
1952 554 2038 592 cap.
2061 542 2124 580 5‘3.
2158 542 2362 596 Quisquis,

1253 594 1336 640 ait,
1361 593 1463 644 falli
1493 597 1631 629 metuit
1659 591 1897 630 obscuritate
1926 598 2180 644 quaestionis,
2220 595 2360 635 Ecclffi

1253 650 1371 683 siam*
1391 645 1438 687 (le
1467 646 1536 683 illa
1558 646 1768 693 consulat,
1798 658 1922 697 quam
1951 650 2037 686 siue
2057 650 2140 687 ulla
2169 649 2362 703 ambigui-

1254 708 1339 736 tate
1359 698 1565 749 Scriptura
1585 713 1707 737 sacra
1728 698 1999 738 demonstrat:
2029 716 2072 740 ac
2093 703 2250 741 demum
2265 703 2363 742 cele-

1253 751 1514 789 bratissimum
1545 763 1597 790 est
1627 752 1723 791 illud
1753 754 1794 790 S.
1825 753 1944 792 Patris
1971 755 2115 794 dictum
2145 767 2287 796 contra
2308 758 2365 796 E-

1254 807 1342 855 pist.
1373 803 1643 844 Functamemz·
1672 821 1757 858 cap.
1782 808 1818 844 5.
1863 806 2083 861 Evangelio
2119 824 2200 848 non
2229 813 2367 851 crede-

1254 869 1370 904 rem,
1408 862 1489 895 nisi
1519 870 1584 897 me
1623 860 1831 898 catholicoe
1859 860 2058 901 Ecclesiae
2100 876 2366 905 commoveret

1255 908 1472 947 auffi‘oritas
1489 937 1499 949 .

1309 962 1377 1008 64.
1407 964 1647 1003 Coliaerenter
1676 967 1722 1004 ad
1752 967 1976 1008 firmissima
2005 969 2089 1009 haec
2119 971 2159 1010 S.
2191 972 2366 1012 Doctoris

1254 1016 1446 1068 principia
1460 1017 1647 1068 explicari
1678 1021 1816 1058 debent
1845 1022 1928 1073 ejus
1949 1024 2160 1064 testimonia
2190 1026 2362 1078 objecta.

1255 1068 1403 1120 Nempe
1435 1071 1560 1121 primo
1596 1072 1687 1108 dicit
1716 1074 1762 1112 ad
1792 1089 1833 1111 ea
1857 1105 1867 1122 ‚
1912 1089 2000 1127 quae
2030 1087 2114 1115 sunt
2157 1080 2270 1117 saluti
2300 1095 2362 1119 ne-

1254 1123 1441 1171 cessaria,
1481 1125 1566 1161 sine
1595 1132 1714 1162 tanta
1744 1124 1975 1174 difficultate
2005 1131 2195 1180 perveniri
2225 1146 2330 1183 posse
2351 1164 2365 1181 ,

1254 1177 1346 1227 quia
1376 1176 1406 1212 si
1435 1189 1525 1228 quae
1553 1185 1607 1214 est
1638 1179 1674 1216 in
1704 1180 1784 1217 istis
1814 1179 2025 1219 obscuritas
2047 1213 2058 1229 ,
2106 1195 2151 1219 ex
2194 1184 2367 1223 doctrina.

1255 1228 1441 1267 Ecclesiae
1474 1229 1641 1268 tollitur:
1671 1242 1799 1271 contra
1828 1243 1956 1272 autem
1987 1237 2026 1272 in
2056 1234 2170 1285 aliis,
2201 1250 2368 1279 Quorum.

1255 1283 1418 1334 cognitio
1445 1284 1494 1321 ad
1522 1283 1681 1321 salutem
1719 1289 1931 1326 necessaria
1962 1302 2039 1327 non
2069 1299 2147 1338 est,
2191 1281 2368 1331 Ecclesia

1255 1346 1428 1384 tacente,
1459 1336 1591 1375 multae
1610 1368 1620 1386 ,
1666 1337 1699 1373 8(
1728 1340 2005 1392 insuperabiles
2033 1354 2237 1382 occurrunt
2265 1345 2368 1383 diffi-

1256 1389 1411 1428 cultates
1428 1416 1438 1427 .
1468 1391 1645 1429 Secundo
1673 1394 1916 1431 verissimum
1947 1404 2026 1443 est,
2058 1395 2150 1434 locis
2169 1399 2367 1437 obscurio«

1255 1443 1361 1481 ribus
1391 1443 1515 1481 lucem
1546 1444 1594 1483 ab
1624 1445 1710 1483 aliis
1739 1446 1967 1486 clarioribus
1997 1448 2170 1487 affundi.
2200 1451 2272 1488 Sed
2296 1453 2367 1489 nisi

1255 1496 1469 1535 Ecclesiam
1500 1498 1637 1536 ducem
1677 1498 1887 1537 habeamus
1935 1511 2080 1540 tantum
2103 1533 2114 1551 ,
2157 1504 2191 1541 8<
2223 1505 2366 1543 infalli-

1254 1549 1397 1598 bilem,
1429 1549 1542 1589 facile
1564 1552 1775 1606 continget,
1796 1563 1837 1591 ut
1859 1567 2028 1593 erremus
2045 1586 2054 1603 ,
2087 1559 2253 1595 maxime
2275 1572 2366 1596 cum

1260 1613 1420 1656 utraque
1448 1603 1682 1656 litigantium
1713 1620 1800 1658 pars
1829 1605 1913 1646 loca
1941 1609 2014 1647 sibi
2036 1611 2199 1662 propitia
2228 1611 2365 1650 clario-

1260 1670 1302 1696 ra
1333 1671 1467 1696 vocare
1495 1659 1629 1706 soleat,
1661 1661 1797 1698 infesta
1826 1675 1915 1699 vero
1941 1662 2191 1702 obscuriora..
2235 1665 2368 1712 Quan-

1261 1723 1378 1764 quam
1395 1712 1435 1750 S.
1459 1710 1564 1750 Pater
1593 1714 1648 1751 ibi
1679 1727 1752 1751 nou
1783 1716 1858 1766 agit
1876 1715 1934 1752 vde
1963 1717 2133 1754 articulis
2162 1718 2274 1766 fidei,
2303 1719 2368 1757 sed

1261 1767 1384 1815 potius
1413 1767 1458 1803 de
1489 1765 1568 1803 illis
1596 1767 1894 1817 quaestionibus,
1934 1770 1974 1806 in
2003 1770 2147 1822 quibus
2177 1770 2285 1808 nulla
2315 1781 2368 1808 est

1260 1817 1444 1857 Ecclesiae
1474 1819 1666 1857 definitio.
1698 1819 1888 1859 Postrema
1919 1822 2035 1861 verba
2064 1823 2104 1860 S.
2136 1823 2255 1861 Patris
2284 1838 2367 1876 spe-

1259 1881 1358 1909 ctant
1386 1874 1432 1910 ad
1464 1871 1574 1910 illam
1604 1875 1855 1924 quaestionem
1887 1884 1974 1912 tunc
1996 1878 2165 1914 maxime
2185 1878 2368 1928 agitatam

1259 1925 1305 1961 de
1333 1927 1478 1976 origine
1507 1926 1649 1962 animae
1667 1956 1677 1974 ‚
1722 1927 1761 1963 in
1791 1941 1868 1979 qua
1898 1937 1998 1965 recte
2031 1930 2234 1979 monebat,
2263 1930 2371 1970 cohi-

1259 1977 1426 2015 bendam
1456 1991 1533 2015 esse
1563 1977 1770 2017 humanam
1802 1984 2143 2033 praesumptionem
2165 2014 2175 2032 ,
2206 1986 2369 2023 cumni-

1259 2029 1315 2067 hil
1344 2045 1519 2083 expresse
1561 2032 1793 2081 revelatum,
1840 2034 1898 2074 vel
1937 2035 1986 2073 ab
2015 2036 2189 2075 Ecclesia
2231 2038 2370 2076 defini·

1258 2092 1340 2121 tum
1369 2095 1462 2123 esset
1490 2085 1556 2136 (a)
1574 2112 1585 2123 .

1311 2137 1377 2175 65.
1406 2139 1582 2175 Ceterum
1612 2138 1899 2190 Scripturarum
1928 2139 2198 2180 obscuritatem
2229 2144 2370 2196 saepius

1257 2191 1447 2240 agnoscit,
1477 2191 1511 2226 ἃ
1540 2192 1676 2228 fatetur
1705 2191 1746 2230 S.
1777 2193 2033 2245 Augustinus.
2064 2195 2120 2234 Ea
2149 2196 2238 2234 satis
2266 2199 2365 2245 sint,

1258 2256 1347 2294 quae
1380 2245 1418 2281 in
1449 2244 1536 2282 Lib.
1560 2244 1649 2283 Xll.
1683 2245 1862 2298 Confess.
1892 2262 1979 2299 cap.
2007 2248 2066 2294 14.
2088 2248 2221 2287 habet:
2251 2249 2368 2288 llffira

1254 2295 1509 2348 profunditas
1552 2299 1792 2349 eloquiorum
1831 2309 2017 2349 tuorum,
2060 2315 2225 2350 quorum
2275 2317 2368 2341 ecce

1254 2359 1351 2388 ante
1379 2364 1451 2388 nos
1478 2353 1707 2405 superficies
1736 2352 1943 2392 blandiens
1970 2356 2166 2404 parvulis;
2195 2355 2263 2393 sed
2293 2361 2367 2394 mi-

1255 2417 1304 2442 ra
1332 2403 1608 2456 profunditas,
1640 2405 1751 2444 Deus
1780 2421 1912 2455 meus,
1945 2413 2050 2446 mira
2079 2409 2367 2462 projim‘litas?

1256 2457 1411 2496 Horror
1439 2468 1498 2496 est
1537 2459 1744 2498 intendere
1772 2465 1812 2499 in
1842 2475 1964 2511 earn,
2003 2461 2138 2502 horror
2180 2463 2366 2515 lionoris,

1255 2512 1305 2552 <9¹
1334 2521 1486 2549 tremor
1514 2517 1692 2552 amoris.

1312 2564 1379 2604 66.
1409 2567 1507 2604 Cum
1536 2577 1662 2605 autem
1693 2578 1880 2620 postremo
1910 2569 2125 2609 Adversarii
2157 2571 2202 2610 ad
2233 2571 2366 2610 tollen-

1258 2619 1346 2657 dam
1377 2634 1664 2672 quamcumque
1692 2635 1737 2658 ex
1769 2625 1884 2660 sacris
1929 2623 2060 2662 litteris
2096 2619 2367 2672 obscuritateni

1258 2674 1303 2711 ad
1329 2674 1632 2711 Hertneneuticae
1664 2676 1812 2725 regulas
1840 2678 2089 2726 confugiunt,
2120 2694 2180 2717 eas
2209 2681 2369 2732 quidem

1259 2727 1306 2764 ad
1350 2741 1542 2765 sacrarum
1573 2728 1861 2780 Scripturarum
1910 2729 2198 2781 intelligentiam
2245 2730 2368 2786 pluri-

1260 2794 1366 2817 mum
1392 2781 1518 2817 valere
1547 2782 1812 2830 comoediam,
1842 2782 1902 2820 sed
1933 2786 2089 2822 omniuo
2104 2787 2148 2823 ad
2172 2787 2264 2824 'fidei
2286 2800 2367 2824 cera·

1261 2835 1465 2871 titudinem
1497 2834 1669 2872 sufficere
1714 2835 1961 2886 inficiamur,
2004 2839 2075 2876 nisi
2120 2839 2275 2892 aliquod
2307 2840 2367 2878 lu-

1262 2901 1350 2926 men
1383 2898 1519 2938 pra'sto
1548 2890 1614 2935 sit,
1658 2903 1745 2925 cum
1789 2890 2032 2940 traditiones,
2062 2890 2155 2931 'tum
2196 2895 2366 2932 maxime

1261 2939 1603 2979 ecclesiasticarum
1633 2941 1920 2992 definitionem,
1951 2954 1990 2982 ut
2018 2946 2064 2982 de
2095 2960 2202 2995 vem,
2231 2949 2365 2999 genui-

1263 3007 1388 3045 noque
1418 2993 1702 3046 Scripturarum
1733 3011 1842 3035 sensu
1868 3000 1963 3036 certi
1991 3012 2069 3036 esse
2096 3003 2255 3040 omnino
2283 3015 2364 3054 pos-2

1262 3047 1382 3084 simus
1413 3046 1469 3097 (b)
1486 3074 1497 3085 .

1318 3099 1383 3152 67.
1413 3101 1526 3140 Dices
1555 3104 1570 3153 (
1599 3115 1689 3141 cum
1710 3099 1879 3143 Lnthero
1906 3108 1948 3143 in
1976 3116 2121 3147 assert.
2150 3107 2305 3146 articul.
2333 3118 2362 3143 a

2210 3161 2308 3198 Leo-

1263 3234 1383 3256 cornm
1409 3222 1562 3258 sufficere
1599 3224 1772 3269 negabat,
1812 3229 2019 3263 &ulterius
2057 3229 2186 3274 requiri
2222 3226 2360 3261 ‹iicvlmt

1264 3270 1462 3313 linguarum
1488 3283 1589 3305 nsum
1605 3294 1615 3312 ,
1641 3284 1743 3316 quem
1766 3275 1877 3318 *optim
1894 3287 1940 3308 nn
1966 3289 2038 3309 esse
2054 3277 2238 3318 Scriptura!
2258 3274 2362 3320 inter?

1264 3325 1398 3361 pretem
1423 3318 1591 3362 putabat.
1611 3319 1770 3352 Gravefn
1794 3320 1936 3365 quidem
1954 3328 2074 3355 contra
2099 3317 2361 3365 ipsumcensu-

1747 3379 1789 3404 21
