2564 3706
768 83 1104 132 SCRIPTURA
1136 83 1276 131 NON
1302 82 1422 129 EST
1455 84 1688 133 mnssxz

425 217 708 260 CAPUT
788 220 857 260 111.

86 324 294 375 Solvuntur
321 325 517 376 quaedam
540 324 798 379 objeHiones,
826 325 961 379 quibus
980 324 1201 365 Heterodo-

141 383 186 416 xi
213 377 383 429 probare
411 384 589 417 nituntur
610 411 620 428 ,
662 381 791 419 solum
829 395 997 420 sacram
1027 381 1201 432 Scriptu-

140 445 236 471 mm
265 445 355 472 esse
379 437 563 471 omnium
582 439 942 475 controversiarum
958 433 1088 489 fidei,
1117 448 1202 472 mo-

137 498 308 538 rumque
331 486 512 540 judicem
528 513 539 526 .

139 605 208 644 72.
228 571 354 646 Obj.
371 595 403 633 Ι.
431 593 491 632 Ad
508 593 627 634 solam
649 594 890 647 Scripturam
922 596 962 634 in
982 593 1072 634 fidei
1093 608 1202 647 quae-

83 646 274 687 stiouibus
301 647 526 686 definiendis
568 649 868 701 confugiendum
899 662 976 687 esse
1017 650 1112 702 ipsae
1143 663 1201 687 sa-

88 713 167 738 erae
198 701 335 740 litterae
380 710 509 753 aperte
550 711 759 740 testantur.
802 703 902 740 Nam
931 702 1038 740 Joan.
1063 702 1112 739 V.
1135 702 1200 754 59-

82 753 260 792 Christus
285 755 334 793 ad
376 755 588 794 finiendam
636 758 934 795 controversiam
963 756 1009 793 de
1051 769 1088 793 se
1118 756 1202 807 ipso

84 819 176 854 cum
191 807 342 847 Judaeis
358 817 526 847 exortam
544 839 555 857 ‚
587 809 671 848 illos
700 810 747 847 ad
768 808 985 861 Scripturas
1011 810 1170 846 remittit
1188 832 1199 846 .

83 859 335 904 Scrutamini
355 861 582 912 Scripturas
599 889 608 901 .
626 889 637 902 .
655 888 667 900 .
695 862 745 902 (9
773 861 854 899 illoe
881 869 994 908 sunt,
1024 874 1114 911 quoe
1141 870 1200 898 te-

84 917 318 955 stimonium
359 915 560 968 perhibent
588 915 639 954 de
665 927 756 952 me.
797 913 856 951 Eo
898 913 1013 964 plane
1056 913 1196 961 modo,

81 980 160 1018 quo
204 968 330 1008 Judaei
374 971 447 1022 ipsi
488 969 583 1006 olim
629 968 802 1004 dixerant
838 965 1050 1003 Nicodemo
1084 966 1196 1004 Joan.

84 1019 170 1059 Vll.
204 1024 268 1061 52.
309 1031 492 1060 scrutare
532 1020 792 1070 Scripturas,
838 1018 889 1058 <9·
918 1016 1004 1055 ride
1044 1023 1138 1069 quia
1168 1032 1199 1056 a

82 1071 264 1114 Galiloea
283 1074 482 1126 Propheta
511 1087 590 1112 non
610 1076 736 1124 surgit
765 1070 829 1122 (a)
844 1097 854 1109 .
883 1070 1071 1110 Praeterea
1091 1072 1196 1110 idem

80 1125 254 1166 Christus
279 1143 359 1167 non
386 1127 509 1166 alium
538 1127 718 1178 proponit
738 1124 907 1177 judicem
930 1155 941 1173 ‚
970 1138 1089 1177 quam
1112 1139 1194 1163 ver-

78 1179 176 1217 bum
204 1194 348 1220 suum.
379 1180 556 1228 Sermo,
586 1181 712 1230 inquit
740 1179 850 1217 Joan.
870 1178 960 1217 XII.
981 1178 1048 1224 48.
1077 1192 1201 1230 φιενη

77 1231 231 1272 locutus
258 1247 348 1272 sum
365 1263 377 1283 ‚
407 1234 471 1272 ille
493 1232 690 1287 judicabit
714 1246 804 1270 eum
828 1236 869 1270 in
883 1236 1096 1270 novissimo
1111 1231 1201 1272 die.

137 1287 202 1338 73.
233 1286 348 1341 Resp.
378 1288 440 1326 Ad
467 1289 638 1340 primum
656 1316 667 1335 ,
696 1287 861 1324 dubium
891 1299 969 1324 esse
992 1316 1002 1334 ‚
1031 1301 1082 1325 an
1110 1300 1197 1324 ver·

76 1337 174 1383 hum
202 1339 301 1379 illud
329 1344 568 1380 scrutamini
594 1339 730 1378 debeat
758 1340 871 1378 modo
893 1341 1118 1392 imperativo
1138 1341 1197 1379 in·-

77 1391 199 1445 telligi
219 1423 229 1441 ‚
275 1403 314 1432 ut
342 1394 418 1433 sibi
446 1394 665 1433 Adversarii
694 1405 766 1446 pro
792 1402 893 1432 certo
921 1402 1103 1442 sumunt,
1146 1408 1196 1433 an

80 1459 174 1483 vero
202 1448 452 1500 inpraesenti
470 1447 683 1486 indicativo
703 1477 714 1496 ‚
744 1449 854 1500 quasi
883 1448 984 1485 dicat
1003 1445 1194 1486 Christus:

79 1498 307 1540 Consulatis
334 1506 582 1554 scripturas,
624 1505 720 1552 quia
748 1514 812 1539 ros
852 1504 1000 1550 putatis
1028 1504 1070 1538 in
1100 1505 1193 1552 ipsis

77 1556 200 1597 vitam
229 1564 432 1594 aeternam
461 1553 606 1594 hahere
622 1570 638 1598 ,-
678 1555 866 1593 obcaecati
913 1568 986 1593 non
1021 1555 1158 1593 videtis
1179 1585 1190 1604 ,

75 1611 171 1657 quia
199 1608 280 1646 illoe
307 1619 399 1648 sunt
420 1638 431 1656 ‚
479 1621 573 1659 quoe
597 1612 869 1645 testimonium
909 1606 1111 1659 perhibent
1139 1608 1189 1646 de

75 1673 168 1699 me.
211 1661 293 1699 Nec
320 1660 527 1702 difficultas
557 1661 702 1700 tollitur
731 1675 778 1699 ex
808 1662 907 1700 fonte
936 1675 1089 1713 graeco,
1119 1662 1188 1701 ubi

74 1713 239 1752 habetur
267 1715 445 1764 ε’ρυιιαῖτε,
489 1728 579 1767 quae
607 1715 751 1767 pariter
780 1727 852 1754 vox
882 1716 961 1753 sive
992 1717 1189 1768 imperati·

73 1779 122 1806 vo
141 1797 152 1815 ‚
182 1769 262 1806 sive
292 1769 502 1807 indicativo
531 1770 694 1820 tempori
725 1769 925 1821 respondet
956 1767 1036 1820 (b).

101 1851 105 1854 .
127 1820 193 1871 74.
223 1821 298 1860 Sed
327 1823 473 1859 etiamsi
504 1822 733 1860 concedatur
749 1851 760 1870 ‚
790 1822 829 1860 id
848 1822 994 1861 dictum
1015 1836 1094 1861 esse
1114 1823 1189 1861 im-

70 1872 245 1924 perativo
272 1874 386 1912 modo
406 1905 417 1922 ‚
447 1888 523 1914 non
552 1877 725 1929 sequitur
746 1906 757 1924 ,
786 1875 1028 1928 Scripturam
1058 1891 1135 1915 esse
1165 1892 1186 1915 a

69 1925 221 1964 Christo
248 1929 483 1979 propositam
526 1937 710 1981 tanquam
750 1931 1096 1968 controversiarum
1125 1929 1187 1980 ju-

68 1981 194 2017 dicem
225 1979 428 2029 absolute,
465 1981 529 2020 sed
558 1982 684 2019 solum
714 1980 990 2034 hypothetice,
1032 1982 1193 2033 quando-

67 2032 215 2072 scilicet
242 2047 332 2072 cum
362 2034 410 2072 iis
438 2034 678 2073 Adversariis
707 2047 765 2073 res
794 2035 948 2087 agitur,
985 2036 1054 2088 qui
1083 2033 1183 2074 nihil

68 2085 178 2128 aliud
214 2088 348 2125 andire
377 2100 421 2126 se·
459 2087 713 2140 profitentur,
758 2102 879 2140 quam
907 2087 1182 2140 Scripturam.

67 2139 240 2178 Christus
269 2143 371 2179 enim
401 2140 435 2178 ἃ
464 2143 664 2189 doctrina,
695 2141 730 2177 ἃ
759 2139 985 2189 miraculis,
1018 2140 1051 2176 8t
1079 2143 1181 2179 testi-

65 2195 197 2232 monio
223 2194 378 2234 Joannis
407 2195 580 2233 divinam
617 2208 726 2232 suam
756 2195 974 2232 missionem
1004 2206 1181 2245 compro-

65 2245 250 2296 baverat,
293 2249 356 2286 sed
387 2248 552 2293 frustra3
599 2256 833 2299 quapropter
861 2247 1017 2284 Judaeos
1055 2248 1180 2285 incre-

62 2300 174 2340 dulos
201 2310 382 2354 provocat
411 2301 457 2338 ad
487 2300 727 2352 Scripturas,
770 2301 911 2353 quibus
940 2299 1027 2339 solis
1057 2300 1180 2338 inhae-

63 2366 149 2392 rere
177 2368 214 2392 se
243 2353 521 2406 profitebantur
538 2384 548 2402 ,
580 2362 621 2392 ut
649 2367 694 2390 ex
725 2353 934 2406 prophetiis
964 2355 1003 2391 in
1026 2368 1068 2391 ea
1089 2367 1179 2391 con·

62 2410 173 2444 tentis
201 2408 354 2445 tandem
383 2408 697 2446 convincerentur
719 2433 730 2445 .
758 2407 905 2446 Eodem
935 2406 1048 2460 plane
1069 2408 1181 2445 niodo

62 2458 239 2499 Ecclesia
259 2473 351 2498 cum
371 2459 562 2499 haereticis
591 2462 694 2512 agit3
724 2462 968 2510 auctoritate,
998 2475 1076 2514 qua
1097 2460 1179 2514 pol-

62 2513 137 2561 let,
167 2515 443 2552 controversias
463 2528 552 2552 cum
575 2516 665 2567 ipsis
685 2523 832 2552 exortas
861 2514 978 2551 verbo
995 2514 1067 2552 Dei
1099 2524 1178 2553 tam

63 2568 231 2619 scripto,
263 2580 382 2618 quam
411 2568 547 2606 tradito
576 2567 770 2606 inhaerens
798 2566 960 2604 definit:
991 2568 1054 2605 sed
1082 2569 1176 2620 quia

62 2619 246 2658 indociles
275 2621 548 2670 inveniuntur,
595 2623 665 2673 qui
693 2634 804 2659 aures
833 2622 867 2658 ei
906 2620 1080 2672 praebere
1109 2635 1175 2659 no·

60 2671 174 2722 lunt,
212 2686 286 2712 non
315 2673 542 2727 dedignatur
569 2688 637 2728 per
666 2687 749 2712 suos
779 2674 958 2712 Doctores
987 2676 1100 2712 etiam
1131 2688 1177 2713 ex

61 2726 269 2779 Scripturis
298 2741 388 2766 cum
418 2729 465 2767 iis
485 2729 735 2776 contendere,
764 2728 961 2766 ostendens
978 2759 988 2776 ‚
1019 2742 1056 2765 se
1077 2742 1097 2766 a
1117 2728 1176 2766 di-

62 2781 153 2819 viua.
180 2779 411 2820 revelatione
439 2795 488 2820 ne
516 2781 637 2821 latum
666 2782 824 2835 quidem
847 2795 1013 2834 unguem
1038 2784 1076 2819 in
1099 2784 1175 2820 suis

59 2833 359 2873 definitionibus·
370 2833 562 2874 aberrasse
580 2867 591 2884 ‚
622 2835 845 2888 Apostolum
868 2837 1015 2874 imitata
1043 2836 1173 2874 dicen·

59 2895 138 2925 tem
173 2901 207 2928 1.
235 2889 326 2928 Cor.
347 2888 419 2927 IX.
450 2902 514 2928 22.
557 2888 703 2928 Facitis
732 2903 821 2928 sum
857 2889 1030 2943 infirmis
1060 2889 1172 2942 infir-

63 2954 154 2979 mus
170 2971 182 2990 ,
211 2951 252 2979 ut
273 2943 457 2996 infirmos
477 2944 761 2996 lucrifacerem
778 2971 788 2983 .
817 2944 892 2982 Sed
913 2944 1064 2996 quando
1082 2957 1172 2981 cuin

58 2996 136 3033 suis
164 2995 258 3034 filiis
286 2996 551 3034 obedientibus
580 2999 678 3049 agit,
724 2997 991 3051 Apostolorum
1031 2999 1172 3050 pariter

60 3048 282 3103 exemplum
312 3049 508 3103 sequitur,
537 3053 605 3104 qui
634 3062 762 3092 exorta
782 3052 1038 3094 controversia
1067 3049 1169 3104 lega·

107 3181 157 3216 (a)
187 3177 279 3214 idest
317 3193 465 3226 magnus
490 3182 549 3216 ille
576 3183 745 3227 Propheta
772 3185 806 3218 in
848 3185 921 3230 lege
955 3184 1170 3230 promissus:

62 3233 106 3256 ex
126 3225 272 3260 Galilaea
290 3230 384 3262 enim
403 3231 507 3262 etiarn
528 3231 585 3262 alii
603 3230 780 3275 Prophetae
798 3233 963 3273 suerunt,
991 3241 1025 3265 ut
1042 3232 1147 3264 Jonas
1162 3253 1171 3262 .

109 3272 155 3323 (b)
182 3271 350 3308 Erasmus
377 3278 411 3309 in
438 3277 634 3310 comment.
677 3276 756 3310 N'on
782 3282 890 3312 minus
919 3279 1051 3312 Graecis
1068 3301 1078 3319 ,
1120 3278 1173 3310 in-

63 3326 165 3362 quit,
186 3332 286 3364 quam
310 3323 408 3358 nobis
433 3327 600 3359 incertum
625 3333 704 3366 est,
744 3332 849 3359 utrum
874 3325 1081 3361 scrutamini
1109 3328 1173 3359 im-

2229 93 2315 138 163

1264 164 1362 204 lium
1380 195 1390 213 ,
1419 166 1548 218 primo
1576 179 1754 212 magnam
1782 165 1868 206 fieri
1896 167 2210 222 conquisitionem
2232 162 2378 225 permi-

1265 228 1393 259 serunt
1424 221 1508 257 Act.
1530 233 1617 270 cap.
1637 219 1728 256 XV.
1753 233 1788 258 2.
1810 221 1843 258 &
1869 236 1947 275 seq.
1977 233 2058 275 post
2087 234 2216 263 autem
2244 238 2285 263 re
2312 226 2379 264 de-

1265 273 1376 312 finita
1407 273 1453 310 ad
1481 284 1613 311 omnes
1654 271 1785 310 fideles
1821 274 2014 314 decretum
2058 281 2379 329 transmiserunt,

1267 339 1345 380 quo
1373 325 1504 365 nullus
1532 324 1702 378 amplius
1731 325 2018 377 relinquebatur
2055 332 2291 384 disceptandi
2323 332 2378 371 lo-

1268 394 1362 427 cus,
1391 379 1451 418 sed
1473 392 1577 418 caeca
1605 378 1656 417 ab
1684 379 1867 417 omnibus
1887 380 2102 421 obedientia
2132 386 2380 436 exigebatur.

1325 434 1390 484 75.
1421 433 1548 471 Verba
1578 442 1704 470 autem
1724 431 1866 470 Christi
1889 432 2049 472 Domini
2079 436 2188 475 Joan.
2210 439 2299 478 XII.
2320 451 2378 478 so·

1268 486 1350 525 lum
1381 486 1620 539 significant,
1663 487 1840 524 omnium
1871 495 2086 525 nostrorum
2128 489 2346 541 dogmatum
2366 524 2379 542 ,

1268 553 1497 593 morumque
1527 538 1700 591 regulam
1729 553 1808 578 esse
1843 540 2020 578 divinum
2064 541 2226 580 verbum
2247 573 2258 591 ,
2301 549 2380 583 sive

1269 592 1403 631 litteris
1432 595 1617 645 scriptum
1632 623 1643 641 ‚
1673 595 1752 631 sive
1771 605 1836 631 ore
1855 593 2039 632 traditum
2053 623 2064 643 ,
2094 594 2142 633 ad
2162 595 2273 646 cujus
2293 611 2379 636 nor-

1268 661 1374 684 mani
1405 647 1444 685 in
1473 648 1680 685 novissimo
1707 648 1771 684 die
1804 659 1937 685 omnes
1976 647 2178 699 judicandi
2221 663 2380 690 sumus.

1269 700 1354 737 Hoc
1383 709 1507 738 tamen
1541 712 1613 739 non
1642 699 1811 739 excludit
1847 701 2011 750 vivum,
2053 715 2097 740 ac
2125 702 2381 742 infallibilem

1267 755 1607 791 controversiarum
1652 753 1850 805 judicem.
1891 754 1975 792 Imo
2014 756 2112 794 sicut
2139 755 2311 795 Christus
2341 761 2381 796 in

1267 806 1470 843 novissimo
1499 807 1562 844 die
1590 809 1661 844 erit
1692 818 1904 846 nostrarum
1933 809 2126 848 actionum
2155 808 2272 861 judex
2294 840 2305 859 ,
2334 824 2379 849 u-

1267 865 1369 894 trum
1416 858 1561 897 scilicet
1603 873 1693 898 curn
1722 861 1832 900 verbi
1861 862 1920 900 sui
1950 874 2086 902 norma
2126 863 2378 911 concordem

1265 911 1318 948 ita
1347 912 1543 962 oportebat
1571 914 1688 952 etiam
1717 916 1757 952 in
1792 916 1902 953 terris
1943 927 2022 953 esse
2063 915 2234 969 aliquem
2276 917 2380 970 judi-

1265 975 1350 1001 cem
1369 992 1379 1011 ,
1409 966 1476 1016 qui
1498 963 1582 1015 eius
1600 967 1684 1004 vice
1704 967 1865 1019 fungens
1892 968 1938 1006 de
1959 969 2035 1007 fide
2054 979 2179 1008 nostra
2197 1000 2207 1018 ‚
2237 970 2272 1007 &
2293 984 2377 1009 mo-⁴

1265 1017 1375 1054 ribus
1403 1019 1625 1056 sententia-m
1647 1020 1782 1067 ferret,
1812 1035 1861 1058 an
1891 1023 2034 1063 scilicet
2054 1023 2172 1063 verbo
2192 1023 2266 1064 Dei
2287 1037 2378 1065 con-

1264 1070 1442 1107 cordent.

1320 1122 1383 1174 76.
1412 1121 1506 1176 Obj.
1536 1122 1665 1162 Sancti
1686 1123 1813 1162 Patres
1841 1127 1980 1165 exortis
2009 1131 2274 1168 controversiis
2303 1145 2378 1170 non

1263 1176 1310 1214 ad
1339 1176 1462 1215 alium
1504 1176 1673 1229 judicem
1713 1179 2006 1230 provocabant,
2048 1194 2168 1232 quam
2198 1183 2246 1221 ad
2275 1183 2379 1222 Scri-

1263 1238 1421 1281 pturas.
1463 1230 1625 1269 Celebre
1655 1233 1753 1270 inter
1780 1230 1858 1270 alia
1887 1241 1939 1271 est
1975 1232 2074 1271 illud
2103 1233 2144 1272 S.
2174 1235 2378 1287 Augustini

1263 1282 1484 1322 Maximino
1525 1285 1673 1322 dictum
1703 1285 1792 1323 Lib.
1826 1286 1876 1323 II.
1909 1296 2040 1325 contra
2083 1287 2210 1340 ipsum
2240 1303 2276 1328 c.
2316 1290 2378 1337 ¹4·

1264 1335 1380 1375 Tom.
1400 1336 1507 1377 VIII.
1537 1336 1624 1375 Nec
1645 1350 1719 1390 ego
1739 1335 1959 1377 Nicoenum
1973 1370 1984 1388 ‚
2014 1352 2090 1378 nec
2117 1349 2160 1379 tu
2188 1341 2304 1381 debes
2324 1344 2379 1381 A·

1262 1394 1508 1440 riminense,
1555 1399 1770 1443 tamquam
1798 1393 2155 1445 praejudicaturus,
2194 1395 2378 1449 proferre

1267 1443 1511 1484 Concilium.
1552 1443 1642 1482 Nec
1671 1458 1744 1498 ego
1773 1444 1888 1497 hujus
1916 1450 2186 1496 auctoritate,
2229 1462 2303 1488 nec
2332 1459 2376 1489 tu

1261 1498 1365 1535 illius
1384 1498 1596 1537 detineris.
1625 1498 1923 1550 Scripturarum
1943 1499 2262 1550 auetoritatibus,
2292 1517 2374 1541 non

1261 1564 1596 1604 quorumcumque
1609 1557 1791 1605 propriis,
1807 1552 1877 1591 sed
1886 1558 2085 1604 utriusque
2100 1556 2374 1595 communibus

1259 1605 1419 1644 testibus
1439 1619 1502 1644 res
1522 1619 1613 1643 cum
1629 1619 1674 1645 re
1687 1636 1698 1655 ,
1728 1619 1858 1644 causa
1877 1620 1969 1644 cum
1989 1621 2115 1646 causa
2129 1639 2139 1657 ,
2159 1614 2264 1648 ratio
2279 1623 2374 1649 cum

1255 1664 1414 1698 ratione
1443 1668 1670 1698 concertet.
1713 1659 1870 1699 Similia
1899 1660 2016 1699 habet
2043 1661 2093 1699 de
2121 1667 2226 1702 unic.
2256 1663 2372 1704 Eccl.

1256 1727 1292 1751 c.
1315 1713 1352 1753 3.
1381 1714 1626 1753 Consentiunt
1653 1726 1743 1751 vero
1762 1714 1802 1752 S.
1825 1714 1985 1753 Basilius
2015 1716 2125 1766 epist.
2154 1716 2220 1755 80.
2251 1718 2373 1770 Opta-

1256 1774 1315 1805 tus
1345 1767 1597 1806 Milevitanus
1626 1766 1715 1806 Lib.
1735 1767 1787 1806 V.
1817 1767 1907 1806 adv.
1929 1767 2253 1808 Parmenianum
2274 1785 2308 1809 c.
2332 1771 2371 1811 5.

1255 1820 1296 1859 S.
1327 1820 1559 1860 Athanasius
1588 1823 1698 1873 epist.
1726 1819 1776 1858 (le
1804 1821 1971 1873 Synodo
2001 1822 2175 1862 Arimin.
2203 1823 2246 1862 S.
2275 1824 2370 1863 Am-

1254 1873 1403 1912 brosius
1431 1875 1521 1913 Lib.
1542 1875 1573 1912 Ι.
1602 1873 1652 1912 de
1667 1872 1760 1925 fide
1788 1888 1875 1926 cap.
1891 1874 1930 1920 4.
1960 1873 2104 1926 aliique
2121 1902 2132 1914 .

1311 1940 1375 1977 77.
1407 1925 1519 1978 Resp.
1562 1926 1605 1964 Id
1635 1928 1769 1964 merito
1812 1928 1956 1965 factum
1986 1943 2008 1967 a
2037 1929 2078 1967 S.
2107 1928 2303 1979 Patribus,
2334 1929 2370 1968 ἃ

1253 1981 1367 2017 etiam
1399 1995 1420 2018 a
1449 1980 1559 2019 nobis
1595 1978 1710 2026 fieri,
1755 1981 2073 2034 quotiescumque
2115 1985 2371 2024 controversia

1252 2046 1343 2071 cum
1374 2033 1420 2071 iis
1449 2041 1531 2082 est,
1581 2035 1649 2086 qui
1677 2033 1865 2072 Ecclesiae
1895 2035 2185 2075 definitionibus
2214 2039 2372 2089 acquie-

1251 2100 1354 2124 scere
1382 2096 1574 2134 renuunt,
1605 2085 1640 2122 δε
1668 2086 1764 2124 solas
1794 2087 2010 2138 Scripturas
2039 2089 2174 2126 audire
2203 2090 2364 2137 volunt3

1249 2148 1393 2191 oportet
1422 2141 1526 2177 enim
1557 2152 1648 2176 cum
1676 2139 1729 2176 eis
1757 2139 1805 2176 de
1834 2139 1967 2191 aliquo
2003 2142 2200 2194 principio
2228 2154 2368 2181 conve-

1249 2194 1353 2239 nire,
1383 2205 1429 2228 ex
1449 2205 1526 2243 quo
1539 2201 1764 2243 argumenta
1784 2193 2029 2231 desumantur
2044 2219 2055 2231 .
2085 2195 2126 2232 Id
2144 2204 2268 2233 tamen
2288 2209 2365 2236 non

1249 2245 1404 2297 probat,
1449 2245 1490 2283 S.
1521 2246 1620 2295 Aug.
1649 2244 1812 2297 aliisque
1841 2245 2016 2285 Patribus
2058 2260 2132 2285 nou
2172 2248 2287 2287 fuisse
2316 2250 2364 2288 de

1249 2297 1452 2336 infallibili
1482 2297 1667 2336 Ecclesiae
1698 2300 1919 2337 auctoritate
1961 2301 2241 2353 quaestionibus
2269 2302 2366 2341 defi-

1247 2352 1396 2390 niendis
1428 2365 1676 2404 persuasum.
1706 2351 1769 2390 Sic
1791 2351 2058 2402 protestantes,
2087 2355 2241 2407 quando
2270 2356 2364 2408 ipsis

1247 2406 1524 2457 disputandum
1553 2415 1605 2444 est
1633 2419 1722 2444 cum
1743 2407 1888 2445 Judaeis
1906 2437 1916 2454 ,
1947 2408 1995 2445 ad
2023 2407 2121 2446 solas
2141 2407 2361 2460 Scripturas

1249 2458 1337 2497 vet.
1359 2458 1462 2497 Test.
1491 2474 1529 2497 se
1557 2461 1787 2507 conferunt3
1815 2463 1907 2513 quia
1937 2475 2000 2498 eas
2028 2460 2124 2500 solas
2147 2461 2272 2500 Judaei
2293 2463 2362 2501 ad-

1246 2514 1427 2550 mittunt:
1457 2527 1557 2551 anne
1588 2523 1784 2565 propterea
1813 2515 1900 2566 quis
1930 2515 2042 2552 infert
2062 2529 2123 2554 eos
2143 2517 2231 2555 novi
2254 2516 2359 2555 Test-

1244 2567 1457 2605 Canonicos
1487 2566 1622 2604 Libros
1665 2567 1871 2619 respuere?
1915 2568 2094 2606 Ceterum
2136 2569 2289 2622 quando
2317 2569 2359 2609 S.

1245 2621 1345 2673 Aug.
1375 2629 1504 2658 contra
1534 2618 1756 2671 Pelagianos
1785 2621 2028 2673 disputabat,
2066 2631 2268 2675 antequam
2300 2623 2359 2662 fa-

1245 2682 1304 2711 cto
1333 2673 1535 2712 schismate
1564 2673 1614 2711 ab
1643 2673 1816 2713 Ecclesia
1847 2689 1885 2713 se
1922 2685 2180 2728 separassent,
2223 2676 2359 2715 Eccle-

1243 2729 1309 2766 siae
1340 2727 1564 2766 definitione
1593 2729 1891 2766 controversiam
1921 2729 2071 2767 finitam
2101 2743 2177 2768 esse
2207 2729 2360 2769 dicebat

1245 2784 1259 2831 (
1290 2781 1415 2820 serm.
1445 2781 1530 2819 152.
1579 2780 1627 2817 de
1660 2779 1796 2819 Verbis
1826 2781 1945 2820 Dum.
1984 2782 2036 2820 al.
2069 2797 2106 2821 2.
2137 2785 2177 2821 in
2209 2783 2286 2822 fine
2316 2784 2364 2833 >a

1241 2835 1337 2873 Jum
1366 2834 1414 2872 (Ie
1444 2833 1520 2872 huc
1549 2847 1676 2872 causa
1699 2837 1714 2885 (
1736 2845 1867 2874 contra
1889 2835 2108 2887 Pelagianos
2129 2838 2144 2885 )
2165 2836 2243 2874 duo
2261 2849 2357 2875 con-

1241 2891 1336 2927 cilia
1364 2892 1491 2926 missa
1534 2897 1627 2925 sunt
1654 2887 1710 2926 ad
1739 2888 1883 2927 Setlem
1927 2891 2219 2941 apostolicam:
2263 2890 2356 2930 inde

1242 2947 1364 2981 etiam
1395 2945 1589 2992 rescripta
1621 2951 1836 2980 venerunt.
1870 2942 2007 2982 Causa
2023 2943 2157 2997 finita
2185 2953 2273 2982 est:
2311 2959 2354 2982 u·

1239 3001 1368 3034 tinam
1384 2995 1803 3049 aliquan(liiifiniatur
1823 3010 1933 3036 error
1950 3024 1961 3035 .
1991 2997 2041 3036 Et
2062 2999 2282 3051 incipiendo
2301 2998 2350 3036 ab

1237 3050 1507 3103 Apostolorum
1539 3063 1622 3088 aevo
1650 3059 1858 3103 perpetuus
1889 3053 1985 3090 inter
2013 3051 2147 3091 fideles
2176 3066 2264 3091 usus
2282 3052 2349 3089 ob-

2251 3114 2298 3141 ιι-

1239 3184 1383 3228 parandi
1410 3183 1505 3216 modo
1534 3184 1655 3216 diflum
1684 3184 1752 3223 sit,
1778 3195 1820 3215 an
1846 3183 2054 3216 indicandi.
2097 3183 2181 3215 Beza
2208 3187 2350 3230 autern,

1240 3231 1468 3263 Cameronius
1486 3252 1495 3270 ,
1521 3230 1649 3274 aliique
1676 3227 1887 3263 Heterodoxi
1917 3230 1950 3262 in
1978 3240 2132 3273 ternpore
2158 3224 2347 3274 indicativo

1239 3277 1328 3310 lxanc
1354 3289 1477 3312 vocem
1503 3277 1679 3322 accipiunt
1695 3299 1702 3310 .
1729 3275 1811 3312 vid.
1828 3277 2008 3323 Synopsz‘s
2035 3276 2159 3308 Critic.
2187 3269 2228 3305 ad
2252 3270 2346 3306 hunc

1239 3324 1378 3358 locum.
