2504 3710
205 163 269 197 Ἢ

150 230 459 282 RATRtCIS
481 265 492 285 ‚
525 245 574 274 ac
608 228 884 277 REGINAE
909 230 1032 291 jussu
1069 225 1323 288 impendere
1349 223 1480 269 debui
1514 225 1611 288 (a).
1646 227 1757 274 Non
1791 244 1891 274 raro
1914 226 2043 273 ctiam
2078 229 2252 274 adversa
2288 246 2353 276 va-

150 300 342 344 letudine
378 298 484 351 diu,
521 295 799 358 multumque
834 296 1139 345 conflictatus,
1174 300 1409 343 consueta,
1456 291 1654 354 mihique
1690 295 1930 358 gratissima
1964 294 2104 339 studia
2140 295 2353 340 intermit-

151 377 241 409 tere
277 374 453 408 coactus
488 361 578 415 sui,
617 379 664 407 ac
700 361 883 407 demum
919 359 1081 406 crudeli
1118 353 1355 403 ὀφθαλμία,
1383 371 1488 409 seu,
1525 366 1573 400 ut
1609 358 1776 405 Medici
1813 361 2084 423 loquuntur,
2121 359 2355 405 oculorum

150 429 411 490 suffusione
445 426 499 472 ad
536 427 774 472 caecitatem
828 427 955 488 plane
989 424 1186 470 redactus
1221 421 1276 465 de
1311 437 1412 466 meo
1451 421 1718 482 complendo
1761 426 1976 472 desiderio
2010 426 2099 485 jam
2135 424 2357 487 desperas—

150 513 270 550 sem,
308 495 390 539 nisi
425 492 558 547 mihi,
595 493 697 539 Deo
719 508 851 554 opem
889 492 1085 541 ferente,
1121 486 1409 549 expertissimi
1436 486 1631 532 Ocularii
1661 489 1829 536 Medici
1851 509 1916 537 ars
1951 491 2181 554 singularis
2217 491 2357 536 visum

149 573 390 625 utcumque
424 559 702 606 restituisset.
740 555 1029 618 Recuperatis
1054 554 1187 615 igitur
1209 552 1520 615 aliquantisper
1555 556 1779 615 corporis,
1806 558 2133 619 oculorumque
2168 556 2357 611 viribus,

153 628 332 690 aliisque
369 625 643 688 permolestis
679 623 792 669 curis
816 621 1044 676 liberatus,
1082 619 1258 664 tandem
1280 617 1516 681 aliquando
1541 630 1846 681 opportunum
1883 635 2033 668 nactus
2071 639 2170 668 sum
2195 623 2361 678 otium,

150 711 239 755 quo
276 703 494 754 exoptata—¹
516 726 526 744 ,
562 701 601 734 et
638 707 662 734 a
696 688 889 749 meipso,
931 697 973 731 et
1009 703 1030 731 a
1067 684 1330 748 quibusdam
1365 683 1455 729 aliis
1479 684 1817 731 Praelectionum
1854 706 2051 734 mearum
2089 688 2362 733 emendatioo

151 761 217 814 ri,
254 776 301 803 ac
336 756 611 819 locupletiori
650 752 830 798 editioni
867 762 984 797 totus
1022 750 1325 798 incumberem
1351 786 1361 797 .
1418 751 1523 805 En,
1558 750 1696 795 amice
1733 752 1917 807 Lector,
1955 772 2160 817 quaenam
2197 753 2361 800 fuerint

150 823 286 884 hujus
321 823 423 869 novi
461 821 545 867 mei
582 818 761 871 laboris,
798 817 997 879 ejusdem
1033 830 1123 864 tam
1158 818 1377 864 diuturnae
1416 817 1819 880 procrastinationis
1853 836 2026 864 causae.
2087 821 2222 866 Nunc
2256 837 2360 866 vero

148 890 406 936 earumdem
440 885 730 938 methodum,
772 899 822 929 ac
855 884 1014 930 seriem
1051 885 1198 947 paucis
1234 884 1409 947 accipe.

213 955 391 1007 Mutia,
430 970 529 1016 quae
566 951 609 995 in
645 949 996 1013 praecedentibus
1022 949 1410 1006 desiderabantur,
1447 947 1551 995 huic
1572 960 1807 1012 postremae
1843 951 2024 996 editioni
2062 951 2205 997 addita
2228 959 2360 1009 s'unt,

147 1032 193 1065 ut
229 1036 337 1064 mox
371 1013 659 1065 declarabitur
678 1051 687 1061 .
726 1015 812 1062 Sed
834 1016 979 1078 ipsum
1003 1018 1133 1064 etiam
1169 1035 1317 1063 rerum
1344 1016 1667 1063 tractandarum
1693 1017 1896 1062 ordinem
1933 1018 2259 1063 immutandum
2284 1018 2365 1062 du-

146 1086 217 1139 xi,
253 1096 301 1129 ut
337 1085 516 1130 meliore
553 1080 748 1127 adhibita
783 1081 1000 1129 methodo
1036 1083 1316 1130 Sanctissima
1340 1082 1592 1145 Religionis
1628 1093 1788 1127 nostrae
1814 1083 2022 1145 dogmata
2057 1095 2098 1129 et
2135 1083 2365 1128 dilucidius

150 1162 508 1213 exponerentur,
546 1159 585 1195 et
621 1147 801 1193 solidius
827 1148 1226 1196 confirmarentur.
1266 1149 1574 1195 Necessarium
1599 1148 1732 1209 igitur
1757 1149 1897 1195 visum
1934 1161 2024 1206 cst,
2060 1148 2114 1195 ab
2152 1150 2254 1211 ipsis
2278 1149 2368 1211 pri-

147 1217 228 1261 mis
265 1215 512 1262 christianae
550 1215 765 1261 doctrinae
805 1214 1061 1277 principiiS,
1098 1227 1139 1260 et
1175 1215 1474 1260 fundamentis
1509 1214 1700 1268 exoriri,
1744 1226 1792 1259 ut
1828 1215 1876 1260 iis
1913 1215 2055 1270 bene,
2091 1215 2366 1277 firmiterque

145 1283 389 1327 constitutis
424 1283 478 1327 ad
515 1279 765 1340 theologica
803 1280 1012 1341 dogmata
1039 1280 1325 1343 explicanda,
1361 1279 1648 1335 stabilienda,
1683 1297 1731 1325 ac
1766 1281 2026 1327 vindicanda
2052 1290 2147 1325 tuto
2184 1296 2366 1342 progre-

141 1347 186 1403 di
223 1366 483 1411 possemUS.
520 1348 628 1395 Duo
666 1357 812 1391 autem
849 1358 952 1391 sunt
979 1346 1174 1392 hostium
1211 1363 1402 1410 genera,
1438 1344 1704 1410 quibuscum
1741 1346 1949 1393 dimicare
1986 1344 2234 1409 oportebit.
2269 1346 2367 1391 Pri-

143 1412 205 1458 mi
238 1427 338 1459 sunt
379 1415 707 1467 Nm‘aralz'stae,
761 1422 800 1455 et
836 1414 966 1458 ceteri
1022 1414 1264 1469 inereduli,
1318 1413 1393 1476 qui
1432 1414 1581 1458 omnia
1629 1429 1808 1474 prorsus
1845 1413 2115 1474 Theologiae
2162 1411 2368 1457 revelata?

138 1479 356 1542 ⁴principia
394 1480 446 1524 ad
481 1480 614 1524 aniles
650 1477 844 1530 fabulas,
882 1488 1011 1539 atque
1049 1479 1245 1524 infantiae
1271 1478 1528 1541 praejudicia
1564 1478 1802 1523 amandam
1827 1514 1836 1524 .
1877 1479 1970 1524 Alii
1993 1476 2367 1524 suntHeterodo-

143 1546 220 1599 xi,
276 1545 351 1607 qui
387 1544 579 1588 divinam
617 1542 799 1602 quidem
853 1553 1013 1587 nostrae
1053 1544 1304 1604 Religionis
1353 1543 1667 1588 revelationem
1716 1559 1957 1603 agnoscere
1993 1561 2038 1589 se
2073 1543 2368 1606 profitentur,

143 1610 248 1653 dum
270 1621 415 1654 tamen
437 1609 572 1669 ipsam
592 1604 929 1651 Revelationcm
950 1607 1090 1666 pravis
1109 1607 1542 1669 interpretationibus
1562 1624 1645 1650 suo
1664 1607 1875 1651 arbitratu
1895 1608 2115 1669 explicant
2134 1644 2145 1663 ,
2170 1608 2368 1667 ejusdem

145 1674 434 1720 fundamenta
470 1690 560 1718 non
598 1669 743 1715 solum
770 1668 1051 1725 labefactant,
1091 1671 1167 1716 sed
1203 1673 1332 1734 plane
1370 1682 1600 1728 evertunt3
1636 1688 1732 1716 eam
1758 1671 1878 1717 enim
1914 1673 1970 1718 ita
2007 1673 2266 1728 obscuram,
2301 1683 2368 1718 at-

144 1758 229 1802 que
265 1739 500 1802 ancipitem
537 1737 758 1792 reddunt,
794 1746 841 1779 ut
880 1736 1024 1798 impiis
1059 1753 1209 1781 ansam
1245 1737 1473 1800 praebeant
1510 1754 1607 1782 cam
1643 1738 1832 1783 omniuo
1869 1738 2082 1785 tollendi.

211 1806 324 1852 Haec
359 1823 460 1852 cum
497 1805 552 1850 ita
586 1804 671 1849 sint
693 1837 704 1857 ‚
760 1800 883 1847 facile
918 1802 1102 1865 quisque
1139 1802 1276 1859 videt,
1335 1820 1429 1847 non
1462 1819 1595 1864 ,posse
1634 1820 1716 1848 nos
1753 1804 1798 1848 in
1833 1804 2071 1867 disciplinis
2106 1804 2368 1867 theologicis

141 1882 244 1917 tuto
282 1871 555 1934 procedere,
611 1869 691 1915 nisi
734 1867 856 1929 prius
893 1879 934 1912 et
970 1868 1163 1914 divinam
1192 1869 1510 1916 revelationem
1543 1866 1808 1915 hominibus
1845 1869 2002 1915 saetam
2040 1887 2158 1924 esse,
2205 1882 2246 1915 et
2282 1889 2373 1917 cer-

152 1949 270 1993 tam,
307 1949 435 2000 atque
474 1935 752 1983 immobilem
775 1933 974 1995 ejusdem
1011 1936 1335 1996 cognoscendae
1356 1933 1556 1997 regulam
1594 1951 1616 1978 a
1654 1933 1758 1980 Deo
1795 1934 1927 1980 fuisse
1953 1937 2267 1992 constitutam,
2304 1936 2370 1982 in-

145 2004 256 2048 victe
292 2004 646 2049 demonstretur.
701 2001 960 2063 Utrumque
997 2013 1145 2048 autem
1180 2019 1263 2065 pro
1299 2001 1409 2047 virili
1448 2009 1596 2045 nostra
1629 1998 1734 2046 Deo
1785 2000 2028 2062 opitulante
2066 2000 2369 2064 praestabimus

148 2069 192 2113 in
232 2071 377 2132 primo
416 2068 503 2116 hoc
538 2068 884 2117 Praelectionum
920 2068 1177 2123 volumine,
1213 2067 1335 2131 quod
1359 2066 1653 2130 Isagogz'cum
1693 2064 2037 2129 appellabimus,
2073 2069 2174 2130 quia
2209 2068 2261 2114 ad
2287 2086 2367 2131 pc-

147 2136 329 2181 nitiores
367 2135 637 2198 Theologiae
676 2135 818 2181 aditus
855 2150 936 2180 nos
971 2134 1209 2180 introducit
1225 2169 1243 2182 Α.

206 2202 354 2248 Porro
390 2220 490 2248 cum
527 2201 690 2246 infelici
726 2199 807 2246 hac
845 2211 992 2246 nostra
1028 2212 1153 2246 aetate
1189 2201 1431 2263 irreligiosa
1467 2200 1798 2246 incredulorum
1834 2200 1958 2247 turba
1994 2203 2076 2247 late
2123 2201 2367 2247 admodum

147 2280 317 2330 serpat,
355 2284 602 2331 magnaque
638 2268 727 2328 jam
756 2265 995 2330 prodierit,
1031 2268 1262 2331 majorque
1298 2268 1344 2312 in
1368 2267 1566 2327 singulos
1603 2266 1693 2312 fere
1719 2267 1810 2312 dics
1846 2268 2031 2329 prodeat
2055 2268 2366 2331 pestiferorum

145 2332 361 2378 librotutn
400 2335 514 2379 foeda
551 2334 786 2388 colluvies,
825 2332 1054 2379 manifeste
1091 2345 1302 2396 apparet,
1337 2343 1498 2396 quanta
1537 2332 1671 2378 bodie
1706 2333 1760 2378 sit
1786 2331 1920 2395 hujus
1957 2334 2150 2380 materiae
2187 2334 2231 2379 in
2268 2333 2365 2396 ipso

143 2399 293 2461 ¹primo
331 2399 600 2462 Theologiae
639 2398 789 2444 limine
824 2410 1022 2444 accurate
1045 2435 1056 2453 ,
1093 2400 1361 2461 copioseque
1398 2397 1715 2460 pertractandae
1751 2401 2008 2455 necessitas;
2059 2417 2144 2463 qua
2181 2400 2367 2444 necessi-

150 2475 233 2509 tate
272 2482 371 2510 cum
411 2464 682 2511 felicioribus
716 2461 967 2524 Religionis
1003 2464 1276 2526 temporibus
1312 2481 1402 2509 non
1454 2474 1761 2525 premerentur
1796 2464 2001 2527 Major&
2037 2465 2206 2521 nostri,
2264 2463 2367 2510 hinc

144 2529 311 2576 factum
350 2542 487 2593 puto,
525 2541 572 2576 ut
608 2530 685 2576 has
722 2531 885 2591 primas
922 2530 1120 2575 veritates
1156 2542 1307 2576 contra
1328 2530 1588 2576 Incredulos
1624 2546 1715 2575 non
1754 2547 1839 2575 una
1875 2532 2037 2587 simul,
2068 2532 2146 2577 sed
2177 2530 2366 2592 sparsim

147 2597 270 2641 variis
307 2598 349 2640 in
388 2597 524 2652 locis,
559 2596 844 2659 molliorique
880 2593 1064 2641 brachio
1101 2597 1390 2658 attingerem3
1425 2613 1570 2658 neque
1607 2595 1790 2640 multam
1827 2597 2172 2659 impendendam
2202 2612 2300 2640 -esse
2326 2612 2368 2640 0.

151 2678 303 2722 peram
339 2664 565 2709 crederent
604 2664 647 2708 in
683 2661 861 2708 diversis
898 2661 1138 2724 impiorum
1167 2661 1370 2708 classibus
1406 2661 1757 2723 distinguendiS,
1788 2672 1834 2705 et
1868 2679 1955 2707 una
1991 2662 2119 2707 simul
2156 2661 2378 2723 colligen3›

151 2726 243 2781 dis,
279 2744 326 2772 ac
363 2729 614 2791 diligentius
650 2726 930 2774 enucleandis
963 2728 1017 2772 iis
1053 2726 1414 2784 difficultatibus,
1450 2737 1653 2790 quassant
1679 2742 1734 2771 ex
1759 2726 2002 2782 cineribus,
2039 2727 2198 2790 quibus
2234 2728 2365 2773 meri-

147 2802 197 2836 ·to
233 2793 411 2853 sepultae
448 2807 600 2851 erant,
637 2794 867 2840 infeliciter
890 2793 1163 2847 excitarunt,
1199 2806 1272 2839 aut
1303 2794 1362 2840 *de
1398 2809 1516 2839 novo
1539 2808 1672 2854 opera
1708 2792 1819 2838 male
1855 2794 2002 2840 sedula
2027 2795 2363 2856 excogitarunt.

216 2857 328 2902 Haec
365 2876 467 2902 cum
502 2861 557 2905 ita
591 2860 704 2915 sint,
745 2858 891 2905 utilius
926 2857 1036 2904 mihi
1075 2860 1214 2904 visum
1251 2871 1341 2915 est,
1377 2860 1548 2914 omnia,
1598 2868 1669 2903 aut
1704 2858 1853 2904 saltem
1890 2861 2115 2922 potissima
2153 2859 2372 2920 irreligio-¹¹

150 2939 302 2967 sorum
341 2922 578 2968 hominum
612 2938 845 2985 systemata
884 2925 905 2986 (
939 2925 972 2969 si
999 2937 1144 2971 tamen
1182 2925 1268 2971 hoc
1306 2925 1488 2972 nomine
1525 2923 1742 2986 appellare
1778 2924 1875 2971 licet
1912 2944 2008 2972 eam
2046 2926 2157 2971 male
2193 2942 2368 2971 consen.

151 2989 336 3032 cinatam
373 2988 726 3051 sophismatum,
763 3004 803 3036 et
840 2989 1163 3035 cavillationum
1199 2993 1394 3047 molem,
1438 3008 1522 3053 qua
1560 3000 1703 3035 nostra
1743 2992 1887 3051 potius
1922 2992 2172 3046 destruere,
2230 3008 2363 3053 quam

149 3071 229 3099 sua
266 3054 483 3100 aedificare
514 3055 695 3100 ,student
724 3055 751 3115 J
787 3057 913 3101 simul
941 3056 1118 3102 collecta
1155 3054 1213 3102 ob
1250 3058 1403 3103 oculos
1422 3067 1680 3104 nostrorum
1717 3054 1932 3105 lectorum
1964 3075 2133 3122 ponere
2154 3093 2166 3112 ,
2201 3067 2246 3100 ut
2270 3072 2364 3100 uno

2219 3139 2294 3167 ve·
2347 3153 2352 3159 «

209 3277 266 3337 (a)
296 3278 348 3317 Hi
363 3287 446 3318 sunt
465 3278 676 3332 Theologia
692 3281 939 3333 Dogmatica
954 3285 992 3320 in
1010 3292 1191 3336 systema
1206 3284 1370 3323 redszHa
1382 3285 1547 3324 'Viennae
1563 3285 1663 3338 typis
1678 3282 1735 3324 Jo.
1753 3285 1829 3324 Th.
1850 3286 1894 3323 de
1915 3285 2114 3323 Trattnern
2135 3282 2249 3336 1776.
2270 3278 2359 3320 Vot.

153 3330 184 3366 Ι.
215 3345 252 3369 m
281 3330 320 3370 8.
338 3361 349 3381 ,
379 3332 414 3369 &t
446 3333 659 3386 leeologz'tz
687 3335 884 3386 polemico.
901 3336 1057 3374 Viennae
1079 3338 1181 3388 apud
1209 3340 1385 3378 eumdem
1415 3338 1615 3380 Trattuern
1650 3337 1764 3391 1778.
1796 3338 1883 3379 Vol.
1907 3353 1942 3378 2.
1972 3338 2011 3377 iu
2041 3337 2079 3375 8.
