2504 3710
200 181 271 214 ΧΠ

205 249 483 297 Testimonia
519 247 706 297 aliorum
727 287 739 307 ,
774 248 1208 315 quantum-maxime
1245 245 1403 307 potui,
1460 257 1659 292 accurate
1693 257 1735 292 et
1770 245 1959 294 fideliter
1982 245 2213 309 exscripsi3
2248 246 2340 291 col.

136 317 297 362 latione
334 316 425 364 sere
460 332 636 379 semper
671 335 803 374 usus,
843 325 884 360 et
919 331 1019 361 raro
1055 311 1297 358 admodum
1335 309 1588 357 necessitate
1624 312 1801 358 adactus
1835 312 1927 357 aliis
1964 310 2106 356 fidens
2131 347 2142 366 ,
2195 311 2347 373 quoti-

136 382 262 428 diana
299 382 569 448 experientia
605 383 816 438 edoctus,
857 398 993 444 quam
1027 396 1144 441 saepe
1170 376 1235 423 vel
1271 374 1664 439 typographorum
1700 378 1866 424 incuria
1891 414 1903 433 ,
1941 377 2012 424 vel.
2043 377 2136 423 aliis
2171 375 2224 420 de
2243 393 2346 421 cau-

134 448 188 493 sis
225 447 306 494 hac
343 449 387 495 in
424 460 546 512 parte
583 450 715 496 errari
751 450 1003 512 contingat.
1040 445 1201 509 Neque
1238 444 1369 489 etiam
1409 441 1489 487 hac
1528 442 1573 486 in
1608 460 1655 489 re
1690 446 1851 490 veritus
1887 460 2018 499 sum,
2057 461 2112 488 ne
2150 439 2258 486 mihi
2296 442 2352 487 il-

136 514 210 560 lud
249 514 622 577 exprobraretur,
662 516 784 580 quod
820 516 1050 575 Diogenes
1085 509 1288 556 Laertius
1322 507 1424 569 Lib,
1454 510 1563 557 Vll.
1600 526 1724 556 num.
1756 509 1860 558 181.
1895 508 2153 572 Chrysippo
2189 505 2242 553 ab
2282 511 2350 556 A-

133 581 376 644 pollodoro
414 580 690 628 Atheniensi
720 581 1036 643 exprobratum
1073 574 1230 628 refert,
1293 574 1492 620 videlicet
1529 577 1563 621 si
1616 577 1713 639 quis
1748 577 1917 622 tolleret
1955 577 2009 620 dc
2059 576 2153 636 ejus
2189 573 2342 630 libris,

135 664 234 709 quae
276 646 413 693 aliena
450 659 579 703 sunt,
619 647 723 693 κενός
750 646 854 687 αὑτῶ
884 642 903 685 o'
927 637 1068 691 4²95*ss
1096 637 1454 689 καταλεγθῖψῑταῑέ
1490 659 1630 688 vacua
1666 642 1742 688 illi
1772 642 1938 687 charta
1972 641 2341 704 relinqueretur,

134 712 297 775 Neque
337 713 457 758 enim
493 714 536 759 in
574 711 836 775 gravissimis
872 708 940 753 his
975 705 1107 753 rebus
1143 704 1325 768 ingenio
1361 725 1466 756 meo
1502 719 1760 771 arroganter
1796 707 1988 763 indulsi,
2045 708 2123 755 sed
2159 704 2353 753 aliorum

137 790 272 825 tectus
308 780 565 827 auctoritate
599 779 733 824 tutius
770 774 1011 839 procedere
1046 771 1190 818 volui⁴³

199 846 313 893 Illud
354 857 580 909 postremo
617 860 724 898 οιό,
766 841 1080 903 obtestorque,
1116 857 1172 885 ne
1209 836 1321 884 mihi
1357 839 1462 886 vitio
1498 851 1725 895 vertatur,
1758 838 1884 903 quod‘
1916 854 2114 892 errores,
2148 838 2194 883 in
2232 856 2344 902 quos

135 910 379 974 Scriptores
414 911 543 956 ctiam
581 909 820 956 doctissimi
846 923 1174 970 nonnunquam
1210 905 1316 969 lapsi
1352 917 1454 951 sunt
1492 907 1518 969 (
1542 906 1756 953 ,homines
1781 906 1899 951 enim
1939 914 2060 950 erant
2095 904 2237 966 )non
2271 922 2347 950 va-

129 993 185 1037 ga
222 989 392 1022 tantum
429 976 678 1021 eruditione
701 1013 713 1032 ,
753 975 828 1021 sed
865 974 994 1037 plane
1031 972 1231 1034 ipsorum
1253 972 1511 1019 nominibus
1547 972 1774 1036 appellatis
1810 971 2056 1018 notaverim
2081 1003 2092 1015 .
2128 968 2265 1015 Absit.
2298 988 2348 1015 e-

131 1043 256 1093 nim,
292 1053 339 1087 ut
376 1043 595 1106 quispiam
632 1043 684 1087 ad
722 1059 878 1088 eorum
901 1040 1088 1102 gloriam
1127 1039 1451 1093 minuendam,
1482 1039 1548 1084 vel
1585 1040 1637 1086 ad
1664 1055 1810 1084 meam
1847 1037 2108 1102 captandam
2147 1036 2188 1080 id
2225 1054 2247 1081 a
2276 1053 2345 1081 me

127 1107 290 1154 factum
329 1110 460 1155 fuisse
497 1108 771 1170 suspicetur;
809 1109 909 1152 novi
949 1106 1097 1160 enim,
1135 1105 1424 1167 Hieronymo
1462 1116 1673 1152 monente
1711 1122 1782 1167 cp.
1811 1120 1901 1150 102
1955 1103 2011 1150 ad
2046 1103 2091 1150 S.
2127 1102 2350 1163 Augusti=

129 1191 239 1219 num
276 1175 298 1237 (
335 1175 394 1222 Τ.
420 1175 451 1219 l.
491 1193 534 1238 p.
563 1174 673 1235 627.
710 1175 761 1236 ),
817 1173 1016 1236 puerilis
1050 1187 1143 1217 esse
1174 1169 1416 1231 jactantiae
1440 1206 1449 1216 .
1477 1206 1486 1216 .
1514 1205 1525 1216 .
1576 1171 1838 1218 accusando
1873 1170 2078 1215 illustres
2112 1168 2233 1214 viros
2267 1185 2349 1214 suo

126 1240 313 1287 nomini
329 1239 522 1302 fatuam
562 1257 793 1304 quaerere.
854 1238 942 1287 Sed
979 1249 1023 1286 et,
1075 1236 1162 1286 hoc
1198 1236 1253 1283 ad
1290 1236 1569 1285 Auditorum
1621 1254 1827 1283 meorum
1862 1236 2092 1284 utilitatem
2130 1234 2358 1298 pertinere

131 1307 306 1370 putavi,
344 1307 378 1352 si
417 1307 584 1352 nedum
621 1325 711 1352 esse
748 1317 912 1370 syrteS,
953 1315 995 1350 et
1030 1303 1238 1366 scopulos
1274 1303 1377 1368 ipsis
1401 1303 1620 1359 dicerem,
1655 1303 1732 1350 sed
1768 1303 1898 1349 etiam
1934 1300 2010 1347 ubi
2046 1301 2203 1354 latent,
2244 1317 2350 1364 qua-

128 1373 162 1417 si
203 1372 342 1436 digito
378 1385 800 1429 commonstrarem,
840 1383 887 1417 ut
924 1387 999 1418 eos
1037 1370 1204 1416 facilius
1240 1370 1540 1425 declinarent,
1582 1387 1663 1415 nec
1699 1386 1968 1432 magnorum
2008 1367 2245 1414 nominum
2284 1384 2354 1412 au-

129 1439 328 1484 ctoritate
363 1439 444 1485 sibi
483 1441 655 1502 imponi
692 1449 975 1502 paterentur.
1015 1437 1178 1500 Neque
1214 1446 1362 1480 tamen
1401 1447 1635 1497 propterea
1672 1437 1936 1482 eorumdem
1971 1431 2356 1480 existimationia-

125 1504 260 1567 liquid
299 1505 542 1550 detractum
580 1506 661 1559 iri,
704 1504 935 1549 arbitratus
971 1500 1121 1547 sum.>
1153 1501 1267 1562 Quis
1303 1501 1422 1547 euim
1461 1500 1691 1554 homines,
1732 1503 1815 1563 qui⁴
1853 1502 1906 1547 in,
1934 1499 2165 1563 republica
2193 1497 2354 1543 littera·

126 1571 189 1615 ria
227 1569 368 1631 prima
406 1580 626 1631 occupant
661 1568 888 1621 subsellia„
929 1567 1053 1628 parvi
1075 1566 1232 1619 faciat,
1269 1566 1390 1627 quod
1429 1564 1588 1612 alicubi
1614 1565 1978 1618 dormitaverint‚
2004 1562 2081 1610 >vel
2118 1564 2354 1625 cespitave-

125 1636 251 1679 rint'?
287 1635 461 1682 Scilicet
497 1650 555 1678 ac
588 1634 766 1680 veniam
795 1633 1118 1696 petimusque,
1159 1630 1418 1692 damusque
1452 1630 1676 1682 vicissim5
1715 1647 1859 1693 eoque
1895 1629 2087 1683 facilius,
2129 1646 2179 1674 ac
2214 1627 2355 1674 liben-

126 1701 211 1746 tius
247 1699 338 1745 aliis
372 1700 559 1755 damus,
600 1716 691 1762 quo
729 1699 869 1762 magis
905 1714 960 1744 ea,
991 1713 1074 1742 nos
1110 1696 1230 1758 ipsos
1266 1695 1466 1756 indigere
1503 1694 1649 1758 probe·
1681 1696 1845 1743 conscii
1880 1712 2064 1745 sumus.

192 1766 323 1813 Hanc
359 1764 539 1811 brevem
577 1765 888 1827 praelationem
925 1761 1171 1816 concludo,
1229 1761 1286 1806 ita
1323 1760 1564 1824 quemlibet
1603 1761 1838 1807 Lectorem
1875 1761 2028 1809 verbis,
2053 1759 2099 1811 S²¹
2136 1759 2353 1822 Augusti-

124 1833 168 1878 ni
207 1834 227 1895 (
265 1835 344 1877 De
380 1848 483 1877 vera
518 1832 671 1891 Relig.
708 1848 810 1892 capi
836 1844 908 1875 10.
946 1829 1103 1874 Tomo
1128 1828 1160 1873 Ι.
1196 1825 1219 1888 )
1254 1825 1490 1889 rogando:
1533 1826 1648 1891 Quae
1673 1842 1776 1872 vera
1811 1843 1906 1873 esse
1923 1826 2244 1889 perspexeris,
2284 1836 2349 1871 te·

126 1916 210 1954 ne,
250 1908 293 1944 et
327 1896 550 1944 Ecclesiae
590 1896 844 1943 Catholicae
879 1894 1063 1941 tribue:
1100 1910 1198 1958 quoe
1220 1893 1390 1954 falsa,
1430 1908 1618 1955 respue,
1659 1903 1703 1937 et
1738 1893 1885 1947 mihi,
1925 1893 2006 1956 qui
2040 1891 2179 1939 homo
2215 1907 2346 1946 sum,

123 1966 337 2028 ignosce:
374 1980 473 2028 quoe
506 1962 670 2018 dubia,
726 1962 889 2017 crede,
936 1962 1082 2006 donec
1116 1970 1197 2005 aut
1231 1959 1485 2022 respuenda
1521 1974 1649 2011 esse,
1682 1968 1764 2004 aut
1799 1973 1901 2004 vera
1937 1974 2059 2012 esse,
2114 1966 2196 2004 aut
2232 1973 2350 2002 sem-

119 2046 206 2092 per
240 2030 471 2077 credenda
505 2046 599 2076 esse
615 2065 624 2083 ‚
675 2029 743 2075 vel
775 2028 898 2074 ratio
935 2028 1099 2074 doceat
1119 2062 1130 2081 ,
1167 2026 1238 2072 vel
1259 2024 1506 2087 proeczjuiat
1540 2024 1798 2072 auctoritas
1815 2059 1825 2070 .
1884 2024 2084 2071 Intende
2117 2023 2262 2086 igitur·
2297 2023 2348 2071 in

125 2096 218 2146 Jzaec
240 2133 251 2153 ,
292 2113 390 2159 quoe
421 2105 697 2164 sequuntur,
737 2094 1009 2158 diligenter,
1048 2103 1091 2140 ct
1108 2092 1188 2155 pie
1222 2102 1447 2156 quantum
1477 2100 1638 2157 pole-65
1677 2091 1794 2139 tales
1815 2091 1936 2139 caim
1972 2089 2166 2152 adjuvat
2190 2092 2344 2137 Deus».
