2564 3706
873 115 953 160 DE
987 115 1292 159 REVELAT.
1326 115 1467 160 VET.
1501 115 1674 158 TEST.

127 197 186 237 vis
213 209 289 236 non
316 207 494 248 negemus
513 225 524 243 ,
567 194 681 232 illum
712 193 811 233 intra
840 209 981 247 paucos
1009 197 1087 233 dies
1105 227 1115 244 ,
1153 197 1237 248 qui-

129 251 202 289 bus
220 250 375 302 Moyses
407 251 444 287 in
474 258 599 286 monte
620 250 728 287 Sinai
750 262 873 286 moras
903 251 1038 296 traxit,
1069 249 1153 287 fieri
1174 250 1239 286 de-

127 303 281 342 buisse.
311 303 444 354 Neque
473 314 563 340 vero
592 302 745 339 credere
766 302 948 339 debemus
967 333 976 349 ,
1008 302 1110 341 hunc
1139 304 1238 341 vitu-

125 355 210 393 lum
240 353 327 393 talis
356 355 655 406 magnitudinis,
698 363 760 392 aut
790 355 985 406 elegantiae
1017 357 1158 402 fuisse,
1202 365 1241 393 ut

125 407 176 446 ad
203 421 293 445 eum
323 409 605 446 conficiendum
628 407 790 445 multum
821 410 1001 459 temporis
1026 409 1238 460 requirere-

124 468 215 507 tur;
244 463 442 514 praecipue
462 475 553 499 cum
572 474 685 513 opere
707 462 868 509 fusorio,
899 474 976 499 non
991 470 1119 499 autem
1137 461 1238 499 scul-

125 522 236 564 ptura
267 515 380 554 fuerit
407 515 648 553 elaboratus.

180 566 253 605 56.-
276 567 331 605 Ad
375 569 584 607 secundum
615 582 742 620 τεεί»,
786 581 923 606 aurum
963 568 999 604 in
1031 567 1232 618 pulverem

124 621 178 658 ita
209 620 327 672 redigi
359 634 490 674 pos-se,
534 631 572 658 ut
603 621 770 673 potabile
802 622 886 667 ssat,
931 621 1037 657 nobis
1075 621 1233 658 indubie

121 681 305 711 testantur
335 675 528 726 peritiores
555 675 735 727 Chymici
767 675 854 725 (a).
886 675 966 710 lmo
995 673 1065 710 hoc
1095 687 1234 710 aurum

123 726 292 777 potabile
309 742 328 764 a
346 727 477 765 multis
494 729 636 766 factum
653 742 728 765 esse
746 735 936 773 narratur,
953 725 1113 776 ejusque
1127 739 1233 776 sapo-

120 791 203 816 rem
220 793 295 816 esse
316 782 597 818 a1na1·is‹iun1m
613 811 624 829 ,
647 781 743 818 illud
762 788 960 832 propterea
978 777 1157 814 Israelita:
1173 791 1234 813 su-

119 845 224 870 mere
239 835 357 872 coacti
378 844 464 871 sunt
485 836 525 873 iu
547 849 703 886 poenam
727 831 974 883 praecedentis
992 827 1231 866 idololatriae.

176 886 241 936 57.
273 887 328 924 Ad
359 889 510 926 tertium
531 914 540 925 .
569 886 769 935 Quidquid
790 883 946 929 Strabo,
976 881 1120 932 aliique
1143 895 1232 919 eum

118 940 235 976 secuti
265 939 310 976 de
340 947 437 978 terra
457 940 653 978 Chanaam
685 939 835 982 dicant,
863 943 1011 972 certum
1043 942 1115 980 est,
1146 948 1230 972 eam

118 992 324 1030 admodum
346 991 518 1043 amplam
540 992 653 1028 fuisse
669 1019 680 1037 ,
711 998 839 1039 utpote
866 1001 954 1038 quae
979 986 1126 1024 duobus
1157 987 1230 1025 slu-

117 1045 189 1082 viis
219 1044 331 1092 Nilo,
361 1045 394 1080 8<
424 1043 621 1095 Euphrate
649 1042 938 1087 continebatur,
980 1047 1089 1091 prout
1119 1039 1227 1078 illam

118 1097 222 1135 Deus
239 1096 458 1136 Abrahamo
478 1097 701 1148 promiserat
724 1094 872 1131 Genes.
891 1092 980 1131 XV.
1009 1092 1068 1131 18.
1089 1107 1227 1144 quam-

116 1163 233 1201 quam
263 1150 420 1187 Hebraei
461 1148 653 1186 bellorum
683 1149 835 1201 pertaesi
879 1155 994 1184 totam
1036 1155 1226 1198 occupare

111 1201 367 1252 neglexerint.¹
396 1202 453 1240 Ea
473 1211 599 1240 tamen
630 1215 739 1254 pars,
769 1215 887 1254 quam
912 1201 1034 1251 reipsa
1055 1200 1225 1250 possede-

110 1263 226 1302 runt,
254 1258 433 1305 spatiosa
454 1255 532 1293 dici
562 1263 733 1307 poterat,
764 1253 897 1292 saltem
922 1254 1022 1291 facta
1052 1252 1224 1290 collatio-

112 1320 161 1344 ne
191 1309 466 1359 angustissimae
496 1317 608 1347 terrae
632 1307 809 1356 Gessen,
841 1309 880 1346 in
909 1320 986 1359 qua
1007 1307 1112 1358 prius
1141 1319 1223 1344 mo-

111 1361 184 1398 rati
209 1361 388 1400 Inerant.

167 1413 231 1451 58.
261 1414 320 1451 De
349 1413 566 1453 Palaestinae
609 1423 736 1454 antem
773 1414 842 1452 soli
885 1413 1058 1451 ubertate
1100 1412 1223 1451 multa

112 1466 263 1504 tradunt
284 1468 381 1504 inter
401 1467 495 1506 alios
514 1468 796 1519 Theophrastus
828 1471 843 1519 (
860 1467 948 1505 Lib.
971 1468 1036 1504 III.
1058 1465 1106 1503 <le
1126 1479 1221 1503 01111-

109 1522 164 1556 sis
183 1520 416 1569 plantarum
434 1535 519 1573 cap.
543 1522 605 1560 25.
624 1522 661 1569 ).
693 1520 840 1559 Plinius
862 1520 980 1572 (Lib.
1004 1520 1092 1557 XII.
1115 1518 1221 1557 Hist.

115 1570 264 1610 Natur.
295 1587 382 1626 cap.
414 1575 476 1612 25.
495 1576 509 1623 )
528 1601 538 1612 .
568 1574 737 1612 Justinns
768 1573 888 1621 (Lib.
914 1572 1103 1610 XXXVI.
1134 1587 1220 1624 cap.

110 1638 148 1663 2.
180 1625 213 1662 81
234 1626 332 1672 5.).
364 1626 518 1664 Tacitus
549 1629 562 1676 (
583 1627 669 1665 Lib.
692 1627 740 1663 V.
764 1625 871 1663 l-It'sz.
892 1640 980 1677 cap.
1001 1625 1098 1672 6.).
1130 1626 1222 1663 Am-

105 1680 262 1717 mianus
280 1678 539 1717 Marcellinus
565 1679 684 1730 (Lib.
706 1678 814 1716 XIV.
845 1693 930 1729 cap.
952 1678 992 1715 8.
1021 1677 1060 1715 8.
1080 1680 1093 1726 )
1112 1708 1122 1727 ,
1153 1680 1221 1731 qui

107 1732 281 1768 eamdem
313 1732 458 1770 viderat
477 1760 487 1770 .
523 1731 754 1784 Procopius,
785 1733 853 1784 qui
883 1732 985 1769 Saec.
1016 1731 1084 1769 VI.
1116 1732 1220 1769 vive-

102 1782 198 1832 bat,
242 1784 419 1822 Judaeam
447 1786 540 1823 dicit
569 1786 693 1838 (Lib.
723 1786 771 1822 ΙΙ.
801 1785 850 1822 (le
879 1783 976 1822 bello
1004 1783 1221 1833 Persico),

102 1850 181 1874 esse
200 1838 443 1876 excellenter
449 1837 658 1889 fertilem,
679 1839 913 1889 opulentam
929 1868 939 1886 ,
961 1839 1193 1888 populosam
1209 1865 1221 1876 .

109 1889 327 1928 Brokardus
369 1901 522 1940 antem,
564 1893 631 1945 qui
662 1891 762 1930 Saec.
794 1891 901 1929 thl.
945 1893 985 1928 in
1016 1890 1220 1929 Palaestina

101 1942 237 1980 decem
267 1955 385 1981 annos
413 1954 670 1982 commoratus
699 1953 772 1991 est,
802 1945 942 1981 miram
973 1943 1056 1992 ejus
1085 1943 1220 1980 fertili-

101 2002 217 2032 tatem
247 1995 518 2033 demonstravit
548 1999 586 2034 in
617 2010 684 2034 sua
715 1994 851 2033 Terrae
879 1994 1041 2032 Sanelae
1070 1995 1217 2033 descri-

101 2051 233 2100 ptione
262 2052 348 2100 cap’.
378 2048 449 2086 XI.
496 2048 556 2086 Ex
587 2049 645 2086 his
676 2058 859 2101 apparet,
888 2048 1006 2087 fidem
1037 2048 1215 2087 Straboni

100 2100 360 2138 adhibendam
390 2115 466 2139 non
495 2116 599 2149 esse,
629 2103 720 2154 qui,
752 2111 791 2139 ut
812 2102 994 2140 Eis-uerus
1024 2101 1214 2153 conjecta-

99 2162 164 2192 tur
193 2156 265 2204 (in
297 2154 454 2193 Dissert.
484 2154 533 2193 de
563 2155 798 2192 Hzloestinae
825 2154 1128 2202 excellentia),
1166 2168 1211 2192 ex

97 2206 266 2245 aliorum
296 2215 440 2246 tantum
485 2209 700 2246 testimonio
729 2207 861 2245 fallaci
905 2207 989 2244 haec
1026 2208 1210 2259 scripsit.

97 2257 336 2312 Quanquam
367 2263 520 2299 fortasse
540 2260 676 2298 Strabo
705 2260 751 2296 de
781 2259 860 2296 solo
889 2258 1101 2297 Jerusalem
1131 2274 1213 2298 am-

94 2312 179 2353 bitu
207 2313 355 2352 locutus
382 2323 459 2361 est,
490 2326 563 2350 non
592 2322 719 2352 autem
749 2313 793 2349 de
823 2321 896 2350 tota
925 2311 1128 2351 Palaestina
1147 2340 1157 2350 .

153 2367 218 2418 59.
247 2367 359 2406 Instat
390 2380 428 2405 2.
471 2365 680 2404 Voltairius
710 2365 912 2403 observans
943 2366 1210 2404 incredibilem

92 2431 173 2456 esse
192 2419 396 2468 puniam,
438 2433 557 2470 quam
585 2418 765 2458 Israelitae
809 2432 854 2456 ex
885 2418 1109 2457 Madianitis
1150 2434 1214 2457 ce-

95 2472 197 2522 pisse
225 2470 407 2508 dicuntur
433 2472 552 2510 Num.
584 2473 648 2510 51.
691 2471 837 2510 scilicet
872 2473 1003 2510 ovium
1033 2472 1209 2524 675000.

97 2523 219 2561 houm
243 2536 388 2573 72000.
418 2525 612 2562 asinorum
638 2523 785 2562 61000.
814 2525 1092 2572 foeminarum,
1122 2540 1210 2577 quae

93 2589 167 2614 non
198 2577 396 2626 tetigerant
425 2578 524 2625 viros
548 2589 717 2615 22000.;
749 2575 819 2613 1100
848 2585 976 2613 autem
1002 2578 1074 2627 ipsi
1103 2579 1208 2616 vide-

93 2638 157 2668 tur
186 2627 448 2680 impossibile,
479 2643 567 2666 cum
590 2629 750 2667 Madian
779 2630 928 2667 nonnisi
959 2631 1093 2681 exigua
1126 2632 1207 2668 fue-

97 2683 148 2720 rit
177 2682 359 2719 Idumaeae
390 2696 475 2733 pars
505 2684 543 2720 in
573 2683 717 2720 Arabia
747 2681 909 2730 Petraea,
946 2681 1057 2734 cujus
1086 2682 1206 2735 longi-

95 2734 188 2772 tudo
208 2735 271 2771 vix
297 2744 380 2773 octo
398 2735 526 2775 leucas
553 2737 722 2785 excedit,
753 2734 786 2771 &
806 2734 964 2775 latitudo
984 2735 1109 2775 adime
1130 2738 1202 2776 mi-

62 2838 65 2845 ,
91 2799 172 2827 nor
200 2796 253 2826 est
281 2787 338 2839 (b)
356 2814 370 2827 .

151 2911 200 2947 (a)
228 2907 352 2962 Videyi
377 2920 520 2955 possunt
547 2913 637 2958 apud
662 2913 854 2948 Becherum
881 2914 915 2947 in
943 2913 1102 2959 Physica
1129 2914 1205 2957 sul-

99 2962 259 2989 terranea
287 2956 393 2990 Libro
418 2959 443 2990 l.
471 2960 553 2993 Seu.
593 2961 624 2992 5.
662 2973 736 3006 cap.
768 2962 800 2994 5.
839 2965 870 2994 ὃς
897 2960 987 3006 apud
1014 2961 1204 3004 Georgium

98 3000 291 3035 Ernestum
317 3003 416 3036 Stahl
442 3004 475 3036 in
504 3005 702 3048 Specimine
726 3008 920 3041 Becherina
946 3009 1027 3040 Sest-
1057 3008 1117 3040 Xl·

148 3048 198 3086 (b)
230 3049 329 3081 Hanc
357 3047 595 3084 difficultatem
616 3055 776 3098 proponit
802 3055 837 3086 in
858 3053 964 3087 Libro
989 3056 1033 3086 (le
1059 3056 1092 3086 la
1118 3056 1206 3087 tole-

97 3105 223 3145 rance,
257 3094 485 3141 eamdemque
511 3107 627 3141 postea
654 3100 688 3131 in
716 3099 945 3144 Philosophia:
971 3101 1142 3140 historia,
1168 3113 1205 3133 a·

97 3139 225 3183 hisque
251 3142 497 3186 pestilentibus
516 3144 586 3176 suis
612 3145 772 3188 operibns
800 3145 841 3179 ad
868 3158 1030 3180 nauseam
1056 3147 1201 3190 repetit.

149 3190 196 3223 (c)
225 3187 322 3228 Has,
348 3191 380 3221 ἃ
404 3189 537 3222 similes
557 3189 719 3223 Voltairii
746 3191 969 3225 difficultates
996 3205 1061 3225 nou
1088 3194 1203 3225 minus

97 3231 214 3272 salse,
240 3244 345 3277 qnam
371 3234 506 3268 erudite
533 3236 636 3268 solvit
662 3239 777 3269 anaor
800 3239 843 3271 cle
863 3239 999 3272 Lettres
1025 3241 1086 3271 des
1113 3241 1205 3282 ‹snel-

95 3290 177 3321 ques
197 3278 307 3323 Jtufs.
329 3280 511 3325 Portugais
526 3303 536 3321 ‚
557 3288 598 3314 ΕΤ
619 3282 822 3316 Allemands
841 3297 861 3318 ιι
879 3286 931 3319 M.
949 3286 1105 3321 Volcac're
1125 3285 1208 3319 Let-

96 3331 151 3358 tre
178 3325 221 3358 V.
238 3347 250 3366 ,
270 3329 301 3358 δε
327 3338 423 3372 sequ.
448 3329 509 3372 qui
536 3337 585 3362 est
612 3328 656 3362 D.
683 3330 845 3363 Guenee.

1360 196 1425 233 60.
1457 195 1570 247 Resp.
1599 196 1726 246 primo
1746 194 1954 245 optandum
1985 210 2007 234 a
2033 192 2222 232 Voltairio
2248 205 2346 240 esse,
2377 199 2417 229 ut

1307 248 1437 301 aliquo
1467 258 1567 287 certo
1603 257 1851 284 monumento
1879 249 2073 294 ostendat,
2116 261 2200 285 eam
2230 245 2420 294 omnino,

1308 317 1425 354 quam
1457 303 1534 353 ipse
1565 299 1721 346 asserit,
1752 299 1866 336 fuisse
1896 309 2003 336 terrae
2025 300 2184 338 Madian
2211 298 2418 350 longitudi-

1308 369 1418 403 nem,
1440 354 1474 390 8<
1496 354 1734 392 latitudinem
1752 378 1762 388 .
1784 351 1982 403 Praecipue
2003 366 2090 389 cum
2112 353 2207 389 alibi
2239 353 2312 403 (iu
2328 349 2417 388 Plu·-

1308 409 1378 446 lm,
1407 406 1516 446 Hist.
1545 416 1614 445 art.
1637 405 1819 444 VcHimoe
1849 403 2071 451 humanae)
2102 406 2158 441 sui
2190 405 2415 451 immemor,

1307 475 1441 499 novem
1472 462 1597 498 leucas
1626 458 1905 511 longitudinis,
1941 457 2172 508 totidemque
2203 456 2416 495 latitudinis

1305 515 1364 552 illi
1395 516 1580 562 assignet.

1358 567 1424 605 61.
1456 564 1604 605 Deinde
1623 565 1780 605 calculis
1802 565 1905 603 initis
1928 564 1973 602 ad
1996 562 2146 615 regulas
2166 575 2318 608 eorum,
2347 563 2415 612 qui

1303 621 1348 656 de
1378 620 1639 669 agricultura,
1679 619 1712 655 ἃ
1741 619 1786 656 de
1814 619 2024 670 quantitate
2052 616 2319 654 alimentorum
2350 613 2416 650 110-

1303 675 1501 722 minibus,
1533 688 1575 711 ac
1605 673 1733 710 bestiis
1763 672 1974 710 necessaria
2001 669 2245 721 diligentius,
2290 665 2322 702 8(
2353 680 2415 704 ac-

1302 727 1470 763 curatius
1516 728 1824 779 inquisiverunt,
1866 724 1980 776 plane
2009 724 2304 760 demonstratum
2336 728 2414 766 est,

1301 788 1388 815 octo
1416 778 1542 817 leucas
1571 780 1772 830 quadratas
1793 808 1802 825 ,
1847 778 1988 830 quibus
2017 775 2324 814 Madiauitarum
2355 786 2413 809 re-

1300 832 1451 880 gionem
1473 832 1762 882 comprehendit
1782 830 2014 878 Voltairius,
2043 829 2203 866 omnino
2224 825 2414 864 suffecisse

1300 883 1347 919 ad
1377 883 1512 921 alenda
1535 884 1601 921 illa
1631 885 1838 932 animalia,
1868 897 1956 936 quae
1978 882 2117 935 praedae
2138 879 2318 919 Israelitis
2337 892 2414 916 ces—

1299 944 1455 982 serunt,
1500 936 1533 972 8<
1562 937 1607 974 ad
1637 936 1845 990 plusquam
1880 936 1968 975 128.
2011 935 2137 973 millia
2177 934 2409 977 hominum,

1298 997 1388 1039 quot
1418 989 1495 1025 sere
1539 1003 1614 1027 esse
1644 989 1881 1037 debuerunt,
1927 989 2056 1027 habita
2086 989 2231 1026 ratione
2263 986 2414 1024 52000.

1299 1042 1571 1089 foeminarum,
1601 1055 1689 1094 quoe
1711 1044 1809 1080 viros
1839 1055 1912 1079 non
1934 1043 2127 1093 tetigerant
2145 1068 2154 1077 .
2184 1040 2225 1077 111
2248 1038 2412 1076 nonnul-

1295 1093 1343 1131 lis
1372 1094 1558 1145 exemplis
1589 1094 1774 1132 illustrari
1811 1103 1951 1145 posset,
1996 1095 2192 1144 praecipue
2224 1092 2409 1129 Romano-

1293 1160 1382 1185 rum
1405 1179 1414 1196 ‚
1463 1148 1531 1200 qui
1561 1147 1631 1185 sub
1666 1146 1763 1198 Rege
1791 1147 1926 1184 Servio
1955 1159 2068 1197 supra
2100 1157 2256 1182 200000
2286 1143 2412 1180 homi—

1294 1215 1389 1238 num
1421 1200 1694 1248 numerabant,
1725 1213 1815 1237 eum
1836 1208 1962 1237 tamen
1991 1211 2122 1236 eorum
2152 1198 2257 1248 regio
2286 1197 2351 1234 vix
2371 1207 2410 1232 o—

1295 1262 1352 1293 cto
1384 1254 1515 1292 leucas
1541 1255 1746 1307 quadratas
1776 1261 1946 1305 aequaret
1977 1252 2038 1304 (c)
2058 1278 2071 1289 ..

1347 1307 1413 1346 62.
1443 1306 1536 1358 Obj.
1569 1308 1605 1346 3.
1637 1306 1792 1358 Moyses
1821 1307 2026 1344 enormiter
2062 1311 2164 1342 errat
2194 1304 2234 1341 111
2263 1300 2411 1354 epocha

1292 1361 1425 1399 mundi
1441 1391 1450 1408 ‚
1479 1374 1594 1413 quem
1617 1368 1760 1398 constat
1789 1373 1868 1397 esse
1887 1368 1953 1397 aut
1982 1367 2164 1396 aeternum
2182 1387 2195 1405 ,
2224 1365 2288 1394 aut
2309 1354 2410 1393 mul-

1291 1416 1338 1452 tis
1368 1413 1586 1452 seculorum
1627 1412 1803 1452 millibus
1832 1412 1975 1464 epocha
2005 1411 2179 1450 Mosaica
2220 1410 2409 1460 antiquio-

1292 1481 1372 1505 rem
1389 1493 1399 1504 .
1450 1467 1549 1505 Nam
1580 1467 1708 1518 primo
1734 1465 1906 1503 Chaldaei
1925 1494 1936 1512 ,
1975 1474 2127 1502 auctore
2156 1463 2297 1500 Beroso-
2323 1460 2412 1511 (cl),

1293 1520 1410 1572 Reges
1454 1519 1706 1558 numerabant
1733 1519 1780 1556 ad
1810 1517 1905 1563 452.
1948 1531 2138 1556 annornm
2168 1514 2290 1554 millia
2321 1523 2407 1551 aute

1290 1574 1512 1621 diluvium,
1555 1585 1766 1623 eorumque
1808 1579 2055 1608 monumenta
2084 1569 2177 1620 470.
2215 1580 2406 1606 annorum

1291 1626 1417 1664 millia
1435 1656 1445 1673 ,
1479 1625 1559 1674 vel,
1592 1635 1631 1663 111
1652 1625 1807 1662 Berosus
1828 1623 1931 1671 vult⁷
1961 1622 2136 1669 480000.
2157 1619 2406 1673 comprehen-

1290 1680 1410 1717 dunt.
1441 1679 1635 1717 Diodorus
1662 1679 1777 1715 etiam
1806 1677 1959 1714 Sicu-lus
1991 1678 2005 1727 (
2027 1676 2116 1714 Lib.
2132 1676 2181 1712 11.
2203 1688 2288 1724 cap.
2305 1674 2369 1712 51.
2387 1674 2407 1722 )

1290 1732 1492 1770 Chaldaeos
1522 1733 1766 1769 Astronomos
1808 1729 2089 1768 observationes
2119 1737 2306 1765 astrorum
2337 1725 2404 1762 ha-

1291 1786 1416 1823 buisse
1445 1786 1536 1823 dicit
1566 1786 1688 1836 spatio
1708 1783 1882 1833 475000.
1911 1794 2101 1820 armorum
2120 1807 2130 1818 .
2160 1779 2309 1831 AEgypti
2334 1777 2404 1814 tte-

1289 1853 1381 1889 gum
1412 1837 1698 1888 chronologiam
1716 1834 1929 1874 Manethon
1942 1835 1988 1873 ad
2011 1834 2075 1873 56.
2105 1845 2294 1871 annorum
2317 1831 2405 1867 mil-

1290 1891 1343 1929 lia
1375 1892 1565 1929 extendit.
1595 1890 1775 1927 Sinenses
1801 1889 1960 1925 demum
1980 1887 2236 1940 prodigiosam
2267 1884 2301 1920 &
2331 1885 2405 1937 ipsi.

1288 1945 1331 1982 iu
1360 1946 1436 1982 suis
1465 1942 1671 1982 annalib-us
1700 1943 1961 1995 antiquitatem
1992 1941 2131 1992 jactant
2149 1965 2162 1978 .

1342 1997 1407 2035 63.
1441 1996 1626 2048 Respond.
1657 1996 1698 2034 Si
1721 1996 1886 2047 demptis
1913 1995 2055 2033 fabulis
2083 1994 2258 2032 bmnium
2279 2005 2402 2045 popu·

1286 2049 1412 2087 lorum
1456 2051 1616 2101 origines
1647 2049 1946 2099 investigentur,
1995 2056 2141 2086 tantum
2183 2047 2314 2093 abest,
2362 2054 2402 2083 ut

1283 2101 1373 2141 hinc
1404 2103 1578 2141 Mosaica
1607 2102 1765 2140 historia
1794 2101 2021 2138 labefactari
2051 2101 2187 2151 possit,
2217 2101 2312 2150 quin
2335 2111 2401 2149 po-

1283 2156 1358 2192 tius
1376 2155 1541 2193 mirifice
1561 2155 1839 2192 confirmatur.
1868 2153 2022 2191 Etenim
2045 2183 2056 2200 ,
2087 2161 2126 2189 111
2155 2151 2294 2189 eruditi
2323 2151 2399 2188 viri

1282 2221 1421 2259 magno
1449 2207 1580 2245 labore
1609 2207 1873 2253 ostenderunt,
1905 2205 2056 2243 nullum
2088 2205 2253 2242 inveniri
2283 2212 2400 2255 potest

1280 2261 1375 2298 adeo
1405 2269 1596 2298 vetustum
1627 2268 1916 2297 monumentum
1935 2288 1946 2306 ,
1988 2258 2090 2310 quod
2119 2256 2262 2308 epocha
2292 2256 2397 2294 dilu-

1281 2314 1334 2351 vii
1364 2328 1385 2351 a
1407 2312 1542 2366 Moyse
1572 2315 1769 2351 constituta
1792 2313 1974 2364 posterius
1995 2313 2134 2349 nonsit
2165 2309 2246 2360 (e).
2275 2309 2392 2347 Chal-

1280 2367 1454 2404 doeormn
1486 2379 1577 2403 vero
1604 2367 1891 2418 supputationes
1912 2365 2026 2402 etiam
2056 2377 2124 2402 suo
2150 2372 2319 2413 tempore
2341 2363 2393 2400 ir·

1279 2419 1426 2457 ridebat
1454 2420 1614 2458 Cicero.
1649 2418 1996 2465 Conclemnemus,
2027 2418 2150 2468 inquit
2178 2416 2319 2454 Lib.1.
2346 2415 2396 2454 (le

1279 2471 1414 2511 Divin.
1444 2487 1530 2523 cap.
1566 2486 1627 2524 ¹9·
1658 2472 1726 2510 lzos
1755 2481 1824 2510 aut
1854 2472 2050 2519 stultitiae,
2082 2479 2152 2507 aut
2181 2472 2394 2517 vanitatis,

1277 2535 1349 2563 aut
1378 2525 1657 2576 imprudentiae
1675 2556 1684 2574 ,
1715 2530 1779 2577 qui
1808 2523 1969 2571 480000
1999 2537 2222 2570 annorum,
2252 2531 2293 2559 uc
2322 2526 2394 2572 ipsi

1277 2579 1408 2616 dicunt
1429 2610 1439 2627 ,
1471 2578 1761 2629 comprehensa
1791 2582 1994 2615 continent
2012 2604 2023 2614 .
2053 2578 2156 2614 Idem
2177 2577 2253 2613 dici
2283 2576 2395 2614 debet

1276 2632 1322 2669 de
1338 2633 1602 2684 AEgyptiorum
1617 2662 1628 2679 ,
1649 2647 1693 2670 ac
1715 2632 1935 2670 Sinensium
1957 2630 2183 2682 genealogiis
2197 2659 2206 2677 ‚
2229 2628 2261 2664 &
2282 2629 2394 2666 chro-

1275 2685 1460 2735 nologiis,
1481 2700 1576 2737 quas
1597 2695 1645 2722 tot
1659 2684 1975 2731 obscuritatibus,
2008 2683 2390 2730 contradictionibus,

1272 2737 1492 2790 fabulisque
1520 2747 1659 2776 scatere
1689 2739 1760 2775 viri
1792 2738 1889 2774 docti
1918 2737 2196 2783 observarunt,
2241 2745 2281 2773 ut
2310 2734 2392 2788 jam

1269 2792 1444 2831 omnium
1473 2793 1687 2845 sapientum
1718 2790 1898 2845 suffragio
1926 2789 2090 2843 explosa:
2121 2791 2195 2829 sint
2226 2787 2322 2842 (f).

2264 2842 2333 2888 64.

1324 2915 1376 2953 (d)
1408 2912 1524 2948 Berosi
1549 2924 1677 2958 opera,
1704 2920 1830 2957 praeter
1849 2921 1958 2956 pauca
1984 2910 2148 2955 figmenta
2164 2930 2174 2949 ,
2202 2920 2219 2941 a
2239 2907 2391 2952 Josepho

1274 2961 1309 2993 111
1340 2961 1415 2994 Lib.
1445 2963 1469 2993 1.
1510 2969 1629 2994 contra
1654 2958 1848 3002 Apionem,
1886 2962 1918 2990 &
1945 2957 2052 2990 Libro
2084 2960 2106 2989 l.
2134 2957 2386 2998 Antiquitatum

1274 3005 1356 3040 Jml.
1383 3015 1585 3039 conservata
1603 3028 1612 3046 ‚
1646 3006 1852 3049 perierunt,
1888 3007 1920 3036 &
1946 3015 2022 3048 (111ae
2048 3003 2092 3036 ab
2117 3003 2233 3037 Annio
2257 3000 2296 3033 de
2322 3001 2385 3033 Vi-

1273 3054 1386 3086 terbio
1411 3054 1571 3096 evulgata
1599 3060 1704 3091 sunt,
1731 3060 1767 3084 nt
1794 3063 1890 3083 mera
1916 3050 2081 3093 figmenta
2108 3062 2125 3082 a
2153 3047 2382 3081 severioribus

1273 3099 1416 3132 Criticis
1437 3097 1693 3143 exploduntur.
1721 3097 1849 3130 Conl'er
1869 3097 1903 3128 P.
1925 3095 2129 3128 Echardnm
2148 3097 2191 3128 de
2212 3095 2381 3136 Scriptor-

1272 3144 1358 3178 Orci.
1385 3145 1672 3186 Praedz'catornm‚
1696 3143 1756 3177 nbi
1784 3143 1827 3176 cle
1853 3142 1968 3176 Annio
1995 3141 2231 3175 Virerbaensi.
2335 3182 2342 3188 ι

1329 3197 1373 3228 (e)
1405 3190 1440 3223 ld
1464 3190 1613 3224 ostendit
1643 3191 1734 3223 inter
1759 3190 1845 3223 alios
1870 3191 1967 3222 Isaac
1992 3188 2213 3234 Jaqnelotins
2239 3186 2272 3217 in
2300 3183 2381 3215 Uis-

1273 3247 1353 3271 sert.
1382 3239 1424 3270 de
1443 3239 1632 3270 existentia
1656 3236 1753 3269 Dei.

1318 3282 1370 3326 (f'
1397 3283 1539 3316 Consuli
1554 3292 1694 3327 possunt
1709 3283 1760 3316 les
1775 3285 1925 3315 extraics
1944 3283 2007 3314 des
2021 3280 2220 3312 Historiens
2237 3275 2384 3308 Chinois

1272 3341 1332 3373 par
1351 3327 1404 3363 M.
1423 3332 1455 3364 le
1473 3328 1567 3364 Poux
1598 3329 1642 3364 de
1667 3327 1798 3364 Hasces
1816 3328 1941 3374 Rayes
1967 3328 2002 3359 in
2022 3326 2131 3359 Temo
2153 3323 2211 3358 Vt.
2237 3322 2280 3355 de
2306 3322 2381 3356 l’o-
