2564 3706
279 94 334 139 90

216 170 370 209 torum,
407 157 844 214 impedimentorumque
880 163 1018 215 copia,
1056 161 1218 212 intelligi
1249 174 1320 197 nnn

218 224 334 267 potest
364 214 553 267 quomodo
581 213 690 251 brevi
729 217 838 254 unius
868 218 985 254 noctis
1013 219 1132 267 spatio
1159 215 1323 266 potuerit

218 276 292 305 tota
322 281 365 305 ex
397 280 473 304 uno
501 265 547 304 ad
578 265 686 305 aliud
715 267 818 306 littus
848 268 1063 306 transvehi.

273 321 338 371 57.
371 319 483 372 Resp.
513 318 776 359 Praetermissis
804 322 899 360 bene
935 320 1091 366 multis,
1135 316 1167 353 &
1196 316 1321 354 diver—

217 375 267 412 sis
297 377 550 427 interpretum
579 374 848 426 opinionibus,
885 383 965 411 tum
995 371 1040 409 de
1068 371 1203 418 modo,
1244 384 1322 422 quo

211 427 288 466 filii
319 427 434 466 Israel
462 440 568 465 mare
598 426 759 465 rubrum
789 428 1043 471 transierunt,
1087 432 1167 460 tum
1198 424 1243 462 de
1271 425 1322 462 si-

215 495 286 519 nus
318 480 475 519 Arabici
506 480 729 528 latitudine,
760 490 840 517 tum
869 478 1033 528 denique
1062 476 1108 513 de
1137 476 1248 526 loco,
1280 489 1321 514 u-

212 534 253 573 bi
287 534 500 587 prodigiosa
530 533 701 583 trajectio
745 533 840 569 facta
870 538 948 577 est,
991 530 1160 568 breviter
1202 532 1289 569 dico
1311 559 1322 578 ,

213 597 364 626 tantum
393 588 523 625 divina
553 589 690 623 virtute
730 584 869 621 sactum
900 596 976 620 esse
1005 584 1122 621 maris
1150 581 1322 631 hiatum,

214 654 293 693 quo
321 650 469 694 possent
499 638 675 677 Israelitae
705 635 897 675 laetissima
935 637 1057 674 fronte
1087 637 1259 688 ingredi,
1289 636 1323 673 δε

211 696 267 733 ita
297 695 458 732 celerius
488 693 535 730 ad
564 690 774 742 oppositam
819 690 945 741 ripam
984 692 1207 741 pervenire.
1244 690 1326 728 *Sed

213 747 407 799 quidquid
438 745 474 783 id
503 752 580 790 est,
611 741 764 795 Moyses
792 756 873 780 rem
904 751 1057 792 narrat,
1086 755 1162 782 non
1191 743 1324 782 alieni-

211 802 319 851 genis
337 830 347 848 ,
377 807 439 837 aut
459 797 596 835 dissitis
618 795 794 847 populis,
825 797 886 835 sed
909 797 953 835 iis
975 797 1065 848 ipsis
1081 827 1091 845 ,
1113 800 1180 849 qui
1202 806 1323 835 trans-

209 855 358 890 ierunt:
403 853 442 889 in
471 848 587 900 hujus
614 850 670 886 rei
699 852 1098 888 commemorationem
1119 851 1321 889 Canticum

210 907 428 958 componit,
459 914 678 954 annuasque
709 903 925 942 festivitates
955 905 1115 942 instituit
1134 931 1144 942 .
1183 905 1322 944 Annon

209 960 364 1005 sannis,
405 955 438 991 &
467 954 590 994 sibilis
621 956 751 994 fuisset
779 956 986 1009 explosus,
1029 958 1057 995 si
1089 972 1201 997 ausus
1230 968 1322 997 esset

211 1019 290 1048 tam
322 1009 591 1061 impudenter,
620 1008 654 1045 δε
684 1009 793 1047 stulte
823 1011 975 1049 mentiri
1009 1009 1104 1062 (a)?

267 1063 333 1102 58.
367 1065 460 1101 In'st.
482 1061 519 1101 3⁶
551 1061 707 1114 Moyses
735 1061 808 1101 hoc
849 1064 1069 1116 prodigium
1107 1073 1327 1105 narraturus

206 1116 284 1155 sibi
313 1118 389 1168 ipsi
418 1115 644 1154 contradicit
662 1125 812 1168 aperte,
843 1126 884 1154 ut
905 1119 1060 1168 proinde
1080 1117 1228 1156 nullam
1246 1133 1325 1157 me-

210 1178 342 1208 reatur
371 1169 486 1207 fidem
506 1195 516 1206 .
560 1169 660 1207 Nam
689 1168 826 1209 Exodi
849 1168 956 1209 XIII.
988 1184 1051 1209 20.
1081 1171 1263 1209 dicuntur
1292 1173 1325 1210 l-

207 1221 403 1270 sraelitae,
450 1231 656 1275 antequam
701 1236 808 1261 mare
856 1225 1158 1274 pertransirent,
1202 1235 1325 1263 castra

213 1278 348 1314 metati
380 1278 420 1314 in
450 1277 595 1313 deserto
616 1274 772 1314 Etham
789 1289 804 1319 ;
832 1276 967 1314 deinde
996 1275 1122 1314 Num.
1145 1276 1335 1317 XXXIII.

213 1330 255 1368 8.
285 1337 488 1381 postquam
537 1327 615 1379 jam
646 1341 715 1380 per
757 1329 929 1366 medin-m
972 1343 1078 1367 mare
1109 1333 1334 1380 pertransie-

213 1392 304 1421 runt
324 1412 335 1431 ,
365 1383 506 1420 iterum
524 1382 709 1419 dicuntur
729 1380 850 1420 tribus
870 1381 1004 1420 diebus
1024 1382 1239 1422 ambulasse
1260 1398 1329 1437 per

210 1437 400 1474 desertum
430 1432 586 1471 Etham
609 1459 620 1472 ι

264 1488 331 1539 59.
362 1486 474 1539 Resp.
504 1485 697 1526 Nonnulli
737 1486 812 1527 ‘hac
850 1487 1076 1528 difficultate
1106 1491 1222 1542 pressi
1254 1505 1325 1544 pu-

207 1549 364 1589 tarunt,
408 1540 596 1579 Israelitas
640 1553 714 1579 non
759 1544 1004 1593 pertransisse
1048 1552 1166 1581 totum
1197 1545 1325 1583 sinum

200 1594 424 1633 'Arabicum
454 1607 501 1632 ex
531 1607 610 1633 una
638 1594 687 1633 ad
716 1593 875 1634 alteram
919 1598 1046 1650 ripam
1076 1599 1291 1650 oppositam
1315 1629 1326 1646 ,

200 1648 273 1686 eed
304 1649 468 1686 circuitu
499 1647 600 1686 facto
627 1647 673 1686 ad
704 1649 882 1688 eumdem
914 1649 1044 1688 locum
1066 1652 1180 1690 fuisse
1201 1665 1328 1689 rever-

207 1713 266 1738 sos
281 1731 294 1749 ,
313 1710 513 1754 postquam
535 1701 913 1742 scilicetrPharaonis
927 1705 1092 1742 exercitu
1113 1705 1220 1756 aquis
1238 1705 1326 1743 sub-

210 1766 340 1792 merso
367 1753 522 1793 nullum
553 1753 724 1807 amplius
753 1765 831 1795 erat
861 1771 992 1795 eorum
1015 1759 1237 1810 profectioni
1259 1759 1328 1797 ob-

207 1807 400 1845 staculum
433 1805 489 1858 (b)
508 1834 519 1846 .
557 1809 631 1846 Sed
661 1808 750 1847 Nat.
782 1809 1001 1849 Alexander
1029 1825 1118 1849 cum
1149 1811 1328 1864 pluribus

206 1859 485 1913 Interpretibus
514 1870 648 1951 puhat,
695 1862 886 1901 desertum
915 1862 1072 1901 Etham
1115 1866 1232 1902 fuisse
1261 1880 1327 1903 va-

199 1914 416 1953 stissimum
435 1943 446 1962 ,
475 1913 510 1950 &
538 1930 558 1952 a
615 1923 820 1968 utramque
843 1917 967 1955 'maris
995 1918 1122 1968 ripam
1143 1917 1326 1955 latissime

206 1979 246 2004 ee
266 1967 499 2005 extendisse.
531 1966 610 2005 Alii
631 1981 719 2005 cum
739 1967 948 2007 'Menochio
968 1979 1148 2019 censent,
1169 1969 1324 2008 Etham

208 2033 286 2058 non
315 2020 535 2071 significare
550 2020 724 2073 aliquam
753 2030 897 2060 certam
925 2024 1118 2074 regionem
1136 2054 1147 2072 ,
1177 2024 1238 2062 sed
1254 2038 1318 2076 ge-

206 2072 387 2112 ner-aliter
415 2073 542 2110 locum
572 2087 766 2125 quemque
797 2075 936 2113 'fortem
954 2106 965 2122 ,
1013 2090 1075 2114 seu
1105 2091 1316 2128 asperum,

206 2133 451 2178 praeruptum
469 2155 480 2174 ,
523 2125 556 2161 8<
587 2125 788 2164 difficilem
806 2156 817 2175 ,
859 2129 960 2180 quod
991 2130 1149 2180 proinde
1177 2145 1316 2169 nomen

204 2186 349 2231 poterat
378 2178 523 2217 deserto
551 2177 650 2218 ultra
667 2210 677 2228 ,
707 2180 880 2233 citraque
908 2182 1144 2221 Erithraeum
1176 2197 1315 2221 conve-

202 2233 314 2271 nire.
355 2232 628 2286 Quaecumque
656 2245 702 2271 ex
731 2231 790 2272 his
819 2235 1068 2287 opinionibus
1087 2237 1314 2289 adoptetur,

201 2286 328 2325 omnis
350 2287 547 2324 evanescit
574 2287 850 2338 contradictio,
887 2303 1005 2342 quam
1047 2289 1193 2328 mirum
1223 2300 1317 2330 esset

201 2351 280 2378 non
308 2339 423 2378 fuisse
450 2354 472 2378 a
499 2337 638 2393 Moyse
664 2340 788 2379 visam
806 2370 817 2390 ,
846 2355 936 2380 cum
966 2351 1054 2382 tam-
1074 2343 1189 2382 facile
1218 2345 1257 2382 in
1276 2359 1316 2384 o-

201 2391 310 2432 culos
334 2401 550 2432 nostrorum
579 2394 884 2433 adversa-riorum
914 2398 1111 2436 incurrat.

257 2445 326 2493 bo.
352 2447 444 2485 Inst-
474 2446 512 2493 4.
536 2447 636 2485 'Pam
657 2449 843 2499 stupenda
862 2448 1011 2501 Moysis
1031 2450 1221 2489 miracula
1243 2465 1314 2490 non

202 2499 320 2539 fuisse
349 2511 467 2548 vera,
509 2499 704 2552 colligitur
732 2502 860 2553 primo
888 2515 934 2539 ex
964 2502 1227 2556 AEgyptiorum
1259 2506 1316 2542 in-

199 2552 409 2602 fidelitate,
449 2552 483 2590 8t
512 2552 721 2592 Pharaonis
748 2554 1028 2594 obstinatione:
1068 2558 1240 2595 *secundo
1268 2571 1314 2595 ex

200 2607 457 2645 Hebraeorum
472 2607 725 2646 ‘inconstantia
736 2637 747 2656 ,
767 2622 843 2660 qua
856 2622 966 2662 saepe
977 2610 1063 2647 veri
1078 2610 1150 2649 Dei
1166 2609 1313 2650 cultum

197 2660 444 2710 deserebant,
473 2659 509 2697 ἃ
538 2669 667 2700 contra
695 2659 873 2714 Moysem
903 2661 1170 2702 rebellabant.

254 2714 322 2760 ‘410
352 2713 466 2766 Resp.
498 2713 555 2753 Ad
584 2716 870 2754 conversionem
890 2716 1015 2755 cordis
1028 2729 1108 2754 non
1131 2716 1315 2756 sufficere

206 2770 355 2805 'externa
383 2768 515 2820 signa,
544 2768 606 2806 sed
636 2769 779 2820 requiri
801 2769 994 2809 internam
1011 2800 1022 2819 ,
1052 2769 1086 2806 St
1115 2769 1313 2810 efficacem

206 2817 280 2856 Dei
309 2822 468 2871 gratiam
491 2850 503 2871 ,
543 2835 662 2874 quam
693 2822 799 2861 Deus
821 2836 897 2875 *pro
925 2837 995 2862 sua
1023 2824 1313 2873 misericordia,

208 2871 349 2922 quibus
377 2874 485 2922 vult,
513 2874 698 2927 largitur,
729 2874 762 2913 8<
790 2890 860 2928 pro
889 2891 956 2915 sua
976 2875 1120 2928 justitia
1147 2878 1316 2930 'indignis

207 2923 385 2975 denegat.
413 2925 585 2966 Permisit
615 2930 745 2981 itaque
773 2929 893 2980 justus
913 2930 1017 2969 Deus
1047 2932 1220 2971 indurari
1250 2945 1316 2970 cor

211 2975 444 3027 Pharaonis,
480 2980 520 3016 ’δι
547 2981 839 3036 AEgyptiorum.,
875 2983 1092 3038 levesque,
1123 2984 1157 3022 ἃ
1182 2987 1316 3024 'incon—

253 3153 305 3189 (α)
333 3147 416 3183 Vid-
441 3150 583 3184 Natalis
610 3153 808 3189 Alexander
833 3156 972 3193 Histor-
991 3157 1133 3193 Eccles.
1152 3155 1194 3191 V.
1215 3155 1254 3192 T.
1272 3160 1316 3194 cle

211 3194 247 3238 5.
274 3198 387 3230 mundi
413 3205 511 3231 ›etate
539 3197 687 3231 Dissert.
706 3212 734 3232 1.
761 3211 826 3235 art.
843 3214 873 3235 2.
899 3206 935 3237 P.
961 3207 1097 3239 Calmet
1116 3207 1150 3238 in
1165 3206 1314 3240 Dissert-

210 3245 255 3278 ἀρ
281 3246 428 3276 transitu
452 3247 559 3277 maris
585 3244 749 3278 Erithraei
766 3267 777 3286 ‚
815 3248 849 3279 P.
876 3250 999 3283 Claud.
1026 3250 1185 3285 Sichard.
1213 3252 1314 3285 Tom.

211 3289 274 3324 Vl.
299 3291 363 3325 des
387 3294 565 3325 memoires
591 3292 655 3326 des
679 3295 844 3327 missions
868 3307 910 3329 au
923 3295 1076 3339 Levant,
1101 3297 1317 3334 &Gotdseh-

985 76 1396 126 mS‘SERTA'rIo
1426 74 1506 121 m.
1537 76 1669 123 CAP.
1692 73 1736 121 ῐῘ.

1388 165 1537 195 stanstes
1566 157 1750 194 Hebraeos
1772 155 1817 194 >in
1837 153 2093 197 idololatriam
2109 188 2120 207 ,
2141 157 2350 197 seditiones
2366 188 2376 206 ,
2404 158 2500 199 alia=

1388 221 1463 260 que
1494 209 1713 259 turpissima
1743 209 1887 246 scelera
1930 212 2133 249 infeliciter
2161 212 2288 250 delabi
2308 238 2318 249 .
2368 210 2496 259 Quare

1390 270 1516 298 autem
1547 260 1586 298 id
1616 261 1859 312 permiserit,
1900 271 2086 302 scrutetur
2115 268 2180 318 qui
2213 276 2330 318 potest
2349 293 2359 306 .
2403 268 2500 306 Inte-

1391 316 1464 351 rim
1495 322 1627 351 contra
1654 324 1785 352 omnes
1812 314 1967 352 Criticae
1999 317 2147 367 regulas
2177 330 2383 370 peccaret,
2430 323 2499 373 qui

1389 365 1767 419 certissitna'Moysis
1788 367 1981 406 miracula
2014 374 2148 419 negare·
2175 371 2311 421 vellet,
2341 376 2428 426 qui*¹
2456 377 2501 413 iis

1390 421 1503 469 visis,
1534 433 1601 458 nec
1622 419 1779 472 Egyptii
1809 422 1979 459 conversi
2009 427 2116 470 sum,
2147 436 2215 460 nec
2242 425 2400 465 'Hebran'
2424 429 2505 467 Do-

1389 474 1498 512 mino
1527 473 1722 511 liberatori
1754 486 1821 510 suo
1854 484 2071 513 constanter
2101 475 2369 527 adlt'aeserunt3
2412 495 2504 521 cum

1390 525 1506 577 liujus
1533 526 1820 575 obdurationis,
1857 526 1890 564 δε
1920 530 2182 566 inconstantiae
2211 530 2342 570 mult'ae
2373 543 2506 586 potue-

1391 581 1467 617 rint
1495 593 1573 617 esse
1601 592 1744 617 caussae
1773 579 1885 618 nobis
1915 582 2072 632 ignotae.

1448 632 1515 679 42.
1544 634 1720 670 Ceterum
1764 644 2119 687 quantumcumque
2146 634 2235 673 *haec
2271 639 2399 689 captui
2429 636 2506 680 dif.

1391 685 1517 725 ‘ficilia
1547 687 1749 724 videantur
1767 715 1778 734 ‚
1810 686 1936 725 >multo
1963 697 2065 725 certe
2093 687 2295 728 difficilius
2324 698 2438 744 captu
2467 708 2505 731 e-

1392 741 1472 789 rit,
1522 740 1649 791 primo
1679 739 1856 792 Moysem
1889 742 2064 792 ‘potuisse
2103 743 2259 794 integrae
2285 741 2443 784 'Nationi
2464 747 2507 783 v1-

1391 793 1592 832 sraeliticae
1621 794 1704 831 sine
1748 793 1948 831 miraculis
1978 795 2232 845 persuadere,
2279 807 2318 834 ut
2356 798 2440 849 ejus
2470 811 2508 837 se

1390 847 1556 900 imperio
1573 848 1824 885 committeret
1854 847 1892 884 in
1913 855 1990 884 tam
2021 845 2159 898 lor-ign,
2187 846 2225 884 ³&
2253 856 2330 888 tam
2353 853 2505 904 pericu-

1389 897 1470 938 loso
1500 901 1660 938 itinere:
1707 901 1874 939 secundo
1904 901 2070 953 potuisse
2099 903 2241 952 pariter
2277 905 2359 941 sine
2388 908 2508 944 mira-

1388 954 1486 992 culis
1506 952 1741 991 Pharaonem
1766 954 1894 992 induci
1913 984 1924 1003 ,
1955 962 1993 991 ut
2014 963 2159 993 tanta-m
2189 968 2383 996 servorum
2405 957 2508 996 mul-

1395 1009 1597 1046 titudinem
1615 1036 1627 1054 ,
1669 1020 1833 1059 quorum
1863 1020 2020 1059 opera-m
2049 1007 2143 1046 adeo
2172 1007 2308 1047 utilem
2335 1013 2508 1063 experie-

1394 1059 1535 1110 batur,
1581 1060 1640 1099 vel
1672 1070 1803 1112 sponte
1832 1062 2064 1110 dimitteret,
2093 1060 2155 1100 vel
2184 1061 2229 1100 ad
2259 1076 2345 1100 eam
2375 1064 2505 1103 dimit-

1395 1115 1545 1152 tendam
1588 1114 1731 1152 invitus
1772 1115 2012 1166 adigeretur:
2043 1115 2162 1152 'tertio
2203 1117 2366 1168 potuisse
2386 1115 2511 1170 ‘Moy-

1393 1181 1471 1204 sem
1503 1177 1543 1204 ut
1573 1174 1612 1203 ut
1643 1166 1981 1217 prudentissimum
2012 1177 2064 1206 tot
2093 1167 2316 1207 hominibus
2345 1171 2509 1224 (aliqui

1392 1221 1437 1257 ad
1469 1220 1649 1257 terdecies
1677 1230 1834 1258 centena
1857 1221 1992 1259 'miliia
2021 1219 2220 1272 numerant
2248 1222 2263 1273 )
2293 1224 2334 1261 in
2378 1225 2512 1263 vastis-

1403 1275 1510 1310 simis
1539 1272 1644 1320 illis,
1680 1272 1715 1308 8<
1745 1272 1945 1325 inhospitis
1975 1272 2130 1312 Arabiae
2160 1277 2320 1313 desertis
2346 1277 2514 1328 quadra-

1402 1330 1508 1377 ginta
1550 1339 1737 1364 annnorum
1787 1329 1910 1377 spatio
1950 1329 2164 1365 necessaria
2208 1331 2342 1367 omnia
2377 1330 2423 1367 ad
2453 1331 2513 1368 vi-

1403 1379 1529 1427 Rum,
1572 1376 1785 1427 amiRum,
1828 1378 1999 1432 aliasque
2041 1381 2131 1418 vitae
2165 1380 2393 1432 indigentias
2434 1383 2513 1421 sine

1396 1431 1598 1472 miraculis
1626 1433 1938 1471 subministrare:
1976 1432 2134 1472 demum
2164 1434 2353 1485 populum
2383 1436 2514 1474 incon-

1397 1495 1555 1525 stantem
1576 1516 1586 1534 ,
1616 1487 1724 1524 durae
1755 1487 1937 1532 cervicis,
1968 1483 2003 1521 8t
2032 1487 2250 1526 seditiosum
2281 1489 2515 1538 gravissimis

1398 1539 1478 1579 illis
1507 1538 1658 1589 legibus
1688 1538 1832 1578 collum
1863 1539 2075 1579 subdidisse
2093 1570 2103 1589 ,
2140 1555 2236 1593 quas
2258 1538 2419 1594 ‘Moyses
2447 1555 2515 1580 no-

1396 1596 1502 1631 mine
1533 1593 1606 1631 Dei
1638 1593 1923 1645 promulgavit,
1962 1593 1998 1630 ee
2027 1608 2195 1646 quarum
2234 1594 2516 1634 observantiam

1396 1647 1645 1686 severissimis
1675 1649 1801 1700 poenis
1821 1647 2016 1699 exigebat,
2047 1648 2120 1685 nisi
2151 1647 2430 1687 miraculorum
2460 1649 2516 1687 ef-

1398 1700 1535 1739 ficacia
1564 1712 1781 1753 permotum
1799 1727 1811 1738 .
1840 1700 1938 1739 Haec
1968 1714 2090 1755 pauca
2120 1700 2287 1739 breviter
2305 1701 2516 1741 delineavi-

1396 1768 1512 1793 mus.
1565 1754 1637 1791 Sed
1668 1755 1698 1792 si
1728 1755 1814 1807 quis
1843 1753 1933 1791 velit
1960 1767 2094 1792 omnes
2123 1753 2295 1793 locorum
2313 1785 2324 1804 ,
2367 1763 2512 1808 tempo-

1398 1821 1483 1846 rum
1502 1838 1513 1856 ,
1545 1805 1709 1846 hostium
1727 1838 1738 1856 ,
1769 1806 1911 1846 indolis
1940 1805 2117 1845 Hebraeae
2147 1809 2281 1846 Gentis
2303 1839 2314 1857 ,
2343 1808 2515 1861 aliasque

1397 1862 1433 1899 id
1463 1875 1581 1914 genus
1609 1860 1854 1900 difficultates
1882 1860 2083 1913 diligenter
2111 1862 2359 1910 examinare,
2399 1861 2516 1900 facile

1394 1915 1567 1963 videbit,
1597 1914 1832 1954 miraculum
1854 1914 1972 1952 fuisse
2002 1915 2179 1953 omnium
2201 1916 2419 1953 maximum
2436 1945 2447 1964 ,
2477 1915 2512 1951 δε

1394 1980 1547 2019 prorsus
1578 1967 1832 2013 incredibile,
1874 1968 1906 2004 si
1937 1967 2094 2020 Moyses
2123 1974 2201 2017 tot,
2238 1967 2273 2004 ἃ
2303 1976 2404 2008 tanta
2431 1969 2514 2008 siue

1390 2019 1593 2059 miraculis
1623 2020 1856 2072 praestitisset
1873 2046 1885 2058 .

1440 2074 1506 2120 43.
1537 2073 1728 2122 Accedit,
1758 2072 1937 2126 Moysem
1958 2086 2030 2111 non
2059 2072 2184 2111 solum
2214 2073 2307 2112 dum
2337 2075 2508 2125 viveret,

1385 2127 1449 2165 sed
1478 2128 1594 2165 etiam
1623 2135 1707 2179 post
1733 2136 1898 2166 mortem
1920 2158 1931 2176 ,
1962 2141 2114 2166 summa
2143 2141 2296 2179 semper
2325 2129 2364 2166 in
2393 2140 2508 2167 vene-

1385 2181 1530 2219 ratione
1572 2180 1675 2232 apud
1705 2180 1892 2218 Hebraeos
1931 2181 2045 2219 fuisse
2066 2211 2078 2229 ,
2121 2179 2283 2234 ejusque
2312 2182 2503 2221 mandatis

1384 2233 1559 2286 religiose
1578 2233 1887 2285 obtemperatum
1909 2261 1920 2272 .
1949 2234 2077 2286 Elegit
2107 2233 2174 2272 ille
2197 2236 2233 2272 in
2262 2236 2319 2273 sui
2352 2249 2505 2274 succes-

1383 2300 1507 2326 sorem
1535 2301 1613 2326 non
1642 2287 1815 2339 aliquem
1842 2301 1889 2325 ex
1916 2289 1996 2326 suis
2025 2286 2119 2327 filiis
2136 2318 2148 2336 ,
2185 2296 2250 2326 aut
2278 2290 2507 2341 consangui-

1384 2341 1486 2388 neis,
1515 2341 1579 2379 sed
1606 2340 1719 2378 Josue
1746 2340 1876 2381 filium
1904 2340 2021 2390 Nun,
2050 2343 2164 2394 eique
2191 2342 2316 2379 statim
2339 2341 2508 2395 populus

1382 2393 1577 2432 obedivit.
1604 2392 1820 2446 Praecepit,
1850 2394 1945 2447 quid
1975 2396 2015 2433 in
2045 2396 2246 2446 partitione
2275 2405 2385 2432 terrae
2415 2407 2503 2447 pro-

1380 2448 1509 2485 missae
1550 2446 1833 2486 observandum
1873 2457 1990 2497 esset,
2037 2447 2198 2501 ejusque
2239 2457 2434 2500 praecepto
2461 2460 2503 2487 ο·

1381 2514 1491 2538 mnes
1532 2501 1614 2539 siue
1655 2514 1857 2538 murmure
1901 2510 2110 2553 paruerunt
2134 2528 2145 2539 .
2194 2501 2318 2552 ipsius
2360 2501 2461 2553 leges
2493 2532 2505 2552 ,

1382 2568 1624 2606 quamquam
1665 2555 1873 2592 admodum
1905 2555 2036 2603 durat,
2085 2555 2240 2592 fuerunt
2277 2569 2427 2606 semper
2458 2565 2499 2594 ut

1383 2606 1482 2658 leges
1502 2608 1645 2645 divinae
1673 2608 1899 2645 existimatae
1915 2633 1926 2644 .
1957 2608 2045 2645 Uno
2066 2607 2182 2643 verbo
2201 2608 2233 2644 si
2270 2620 2402 2646 omnes
2424 2607 2500 2646 He-

1381 2660 1527 2699 braicae
1568 2662 1702 2698 Gentis
1739 2662 1852 2698 fastos
1893 2658 2215 2711 subsequentibus
2257 2661 2497 2712 temporibus

1381 2713 1631 2762 evolvamus,
1673 2715 1906 2763 reperiemus
1934 2710 2085 2765 Moysis
2117 2714 2344 2752 memoriam
2373 2715 2494 2754 fuisse

1381 2781 1532 2819 semper
1559 2767 1663 2818 apud
1692 2775 1855 2818 posteros
1884 2766 1923 2804 in
1954 2766 2245 2805 benedictione.
2291 2766 2428 2820 Neque
2456 2783 2495 2808 a-

1383 2822 1460 2873 pud
1492 2819 1674 2860 Hebraeos
1703 2828 1849 2857 tantum
1873 2849 1883 2861 ,
1914 2819 1975 2857 sed
2008 2817 2067 2856 vel
2089 2821 2192 2871 apud
2224 2823 2324 2873 ipsas
2353 2831 2499 2860 exteras

1383 2875 1551 2913 nationes
1581 2875 1694 2912 fuisse
1726 2871 1901 2925 Moysen)
1932 2872 2278 2913 celebratissimum
2297 2905 2308 2923 ,
2337 2876 2499 2914 ostendit

1384 2927 1545 2967 Flavius
1574 2925 1760 2979 Josephus
1787 2937 1916 2965 cotnra
1947 2927 2158 2978 simenem,
2201 2930 2268 2981 qui
2299 2931 2413 2967 etiam
2442 2938 2494 2965 te-

1372 2991 1500 3021 >statur
1528 2980 1650 3020 Libro
1679 2980 1708 3018 Ι.
1738 2993 1825 3033 cap.
1857 2981 1922 3019 51.
1953 2981 2068 3020 fuisse
2097 2994 2186 3020 eum
2217 2981 2269 3021 ab
2287 2979 2494 3035 AEgyptz'is

2379 3037 2439 3072 ita

1384 3153 1513 3192 midias
1552 3155 1586 3188 in
1614 3152 1709 3188 Nova
1736 3156 1921 3190 (lanzoni-er.
1955 3159 2126 3190 transitus
2160 3156 2273 3199 popul.
2299 3157 2422 3191 Israel.
2456 3155 2493 3190 in

1387 3206 1488 3239 Totn.
1518 3205 1543 3235 1.
1567 3199 1730 3235 Thesaur-
1760 3202 1877 3237 Tteol.
1903 3204 2121 3248 philologu-

1431 3252 1479 3291 (b)
1505 3248 1595 3283 Huic
1623 3251 1803 3281 sententiaa
1830 3250 2055 3284 ,subscribunt
2083 3250 2224 3281 Sanetus
2242 3250 2396 3285 Thomas
2414 3249 2489 3281 lett0

1385 3300 1412 3333 l.
1437 3298 1473 3332 in
1495 3306 1572 3340 cap·
1600 3295 1646 3329 X·
1673 3296 1785 3342 Epist.
1817 3308 1845 3331 ι.
1871 3295 1915 3331 ad
1941 3295 2100 3330 Corinth..
2127 3294 2322 3339 Testatus,
2347 3299 2380 3333 δι
2402 3292 2462 3329 alii
2483 3315 2485 3318 -
