2564 3706
207 120 291 160 160

131 196 257 242 cibus,
300 193 349 232 «y
376 185 647 241 prudentibus,
677 185 726 226 Ξῖ)
756 186 937 224 revelasti
966 196 1018 221 ea
1047 182 1242 234 parvulis.

139 250 187 287 Et
209 246 346 284 Paulus
372 257 404 281 1.
425 244 511 280 Cor.
535 242 582 279 11.
610 240 669 287 il„
702 240 901 277 Animalis
923 238 1039 275 homo
1060 249 1139 272 non
1157 246 1244 283 per-

134 305 228 351 cipit
256 312 305 335 ea
324 328 333 345 ‚
363 309 452 348 quae
479 304 571 333 sunt
600 294 766 346 Spiritus
788 292 864 330 Dec·
882 320 891 331 .
921 289 1143 341 Spiritualis
1172 299 1244 321 ati-

137 362 219 390 tem
249 351 401 401 judicat
427 353 569 388 onznia
585 365 600 394 ,-
629 357 712 386 tum
735 361 770 386 2.
799 348 887 385 Cor.
908 344 975 382 IV.
999 343 1035 380 5.
1069 337 1245 400 04ΟᾷᾸί

142 400 266 445 etitttiz
294 413 475 456 opertum
503 412 563 442 est
583 402 850 454 Erartgelium
871 406 1049 448 nostruin
1067 423 1076 440 ,
1107 405 1148 428 ιη
1169 404 1215 450 iis
1232 421 1244 439 ,

140 464 204 512 qui
233 467 423 509 pereunt,
451 466 512 496 est
538 466 739 506 opertum,
770 459 809 491 in
839 449 970 501 quibus
989 447 1101 483 Deus
1130 443 1245 502 liujus

139 514 278 552 soeculi
307 515 528 551 excaecavit
549 520 702 549 mentes
721 505 939 559 infidelium
958 531 968 548 ‚
999 508 1038 536 ut
1069 499 1247 559 nonj‘ul-

138 577 234 619 geat
263 567 337 604 illis
374 567 613 604 illuminatio
642 558 878 611 Evangelii.
928 556 984 592 Ac
1011 553 1177 605 denique
1207 552 1248 590 S.

142 622 272 659 Petrus
302 635 390 658 cuni
428 620 578 657 dixisset
602 630 637 655 2.
667 616 775 665 epist.
799 610 864 647 111.
892 607 951 646 16.
981 607 1159 658 quaedam
1190 620 1247 643 es-

142 689 179 713 se
210 677 246 712 in
283 672 450 726 epistolis
479 672 518 709 S.
550 669 657 707 Pauli
687 663 862 703 difficilia
904 660 1126 708 intellectu,
1170 673 1247 713 quo

141 742 252 767 sensu
283 729 321 765 id
351 727 473 779 accipi
518 723 634 769 velit,
678 720 803 756 statim
846 716 1029 768 exponit,
1059 714 1247 752 subdens:

142 796 232 831 quoe
261 780 402 818 intlotli
424 809 433 827 ,
463 778 511 817 Εἴ)
540 772 742 813 instabiles
771 771 1014 823 depravant.
1044 767 1129 806 Non
1159 781 1247 820 ergo

141 837 182 874 iu
213 849 275 883 se,
306 835 367 873 sed
396 831 519 870 solum
548 826 810 873 indoeiorum,
848 824 882 861 &
912 821 1150 862 instabilium
1181 821 1247 858 110-

141 890 294 927 minum
326 884 492 936 respetstu
523 881 701 934 quaedam
732 887 816 918 suut
847 880 884 916 in
916 877 1115 927 Scriptura
1145 874 1246 913 diffi-

141 942 298 980 cultates
315 968 323 977 .
353 939 455 976 Hinc
473 935 645 975 Christus
673 929 823 972 dicebat
842 933 979 970 Joann.
1002 930 1087 968 VII.
1116 943 1176 981 17.
1206 928 1250 966 Si

142 999 230 1045 quis
251 994 408 1030 voluerit
437 992 679 1029 voluntatem
700 989 787 1041 ejus
809 989 824 1038 (
845 986 919 1025 Dei
941 986 955 1033 )
975 984 1127 1037 facere
1144 1013 1154 1033 ,
1186 996 1250 1021 co·

142 1056 303 1092 gnoscet
334 1046 381 1083 tle
411 1044 590 1082 tloblrina
608 1074 618 1092 ,
648 1051 781 1080 utrum
811 1053 864 1079 ea:
894 1038 982 1077 Deo
1011 1042 1061 1075 sit
1079 1065 1089 1077 .

142 1090 162 1101 υ
197 1101 260 1139 55.
294 1099 405 1152 Resp.
436 1099 590 1152 primo.
632 1096 794 1135 Etiamsi
825 1092 1036 1132 liberaliter
1067 1092 1252 1130 Adversa-

139 1156 209 1193 riis
237 1154 441 1201 daremus,
483 1152 702 1202 Scripturas
731 1149 885 1187 nonnisi
915 1148 961 1184 iis
988 1146 1168 1184 obscuras
1197 1158 1252 1182 es-

141 1223 201 1256 se,
230 1210 299 1260 qui
320 1207 447 1260 pravis
476 1204 674 1244 affeetibus
692 1234 702 1251 ,
732 1211 795 1241 aut
817 1200 1055 1254 praejudiciis
1086 1201 1123 1235 in
1155 1206 1254 1234 tran-

142 1275 314 1300 sversum
345 1268 537 1311 aguntur,
568 1258 639 1296 hoc
667 1267 793 1296 tamen
824 1254 1040 1299 sufficeret,
1084 1265 1128 1287 ne
1149 1251 1255 1288 Scri-

144 1325 267 1367 pturce
296 1314 386 1353 solae
416 1314 493 1350 dici
521 1319 674 1364 possent
704 1308 894 1359 legitimus
916 1306 1007 1343 fidei
1037 1313 1255 1341 controver-

144 1370 289 1407 siarum
319 1367 455 1419 judex3
486 1376 635 1415 semper
664 1363 766 1400 enim
797 1367 917 1412 posset
947 1358 1089 1409 aliquis
1119 1357 1256 1394 merito

143 1422 342 1468 dubitare,
372 1434 419 1457 an
441 1417 565 1455 taliter
585 1423 829 1468 comparatus
849 1414 914 1460 sit,
945 1421 983 1448 ut
1001 1425 1129 1451 verani
1153 1409 1256 1447 Scri-

144 1486 346 1527 pturarnm
383 1470 679 1522 intelligentiam
722 1475 998 1519 consequatur.
1052 1463 1258 1513 Quoniam

145 1528 282 1576 multi,
326 1526 454 1577 inquit
494 1524 665 1577 apposite
694 1522 735 1560 S.
766 1521 999 1572 Augustinus
1038 1518 1132 1570 (tle
1175 1517 1257 1555 util-

145 1580 252 1620 cred.
283 1596 369 1632 cap.
398 1579 458 1617 15.
488 1593 528 1617 11.
550 1577 616 1616 55.
647 1577 662 1627 )
692 1579 893 1626 sapientes
935 1572 1055 1611 videri
1093 1572 1223 1609 volunt
1244 1586 1259 1616 ‚·

149 1649 275 1681 neque
304 1645 437 1671 utrum
468 1632 573 1669 stulti
601 1634 709 1679 sint,
739 1629 971 1682 dignoscere
989 1625 1123 1679 facile
1153 1635 1240 1665 est.

204 1690 267 1735 54.
297 1688 371 1727 Sed
402 1686 559 1724 ulterius
588 1701 611 1723 a
639 1697 756 1732 vero,
804 1683 837 1719 &
864 1682 980 1720 obvio
1017 1679 1260 1732 objetiorum

147 1743 352 1783 verborum
384 1754 493 1779 sensu
524 1739 702 1777 aberrant
732 1737 974 1781 Adversarii;
1004 1749 1125 1787 neque
1155 1736 1260 1771 enim

148 1799 195 1835 iris
226 1798 264 1833 111
295 1796 386 1832 locis
403 1797 418 1845 (
437 1803 595 1844 excepto
626 1792 764 1831 ultimo
793 1804 838 1829 ex
854 1790 977 1842 Epist.
1002 1803 1038 1828 2.
1061 1789 1100 1826 S.
1122 1787 1220 1825 Petri
1244 1789 1257 1835 )

149 1852 197 1890 de
225 1849 452 1887 obscuritate
475 1877 485 1895 ,
516 1846 575 1884 vel
606 1846 874 1898 perspicuitate
904 1842 1106 1895 Evangelii
1137 1853 1261 1879 serino

152 1913 234 1952 est,
277 1902 338 1940 sed
370 1902 408 1939 111
438 1901 564 1953 primo
592 1899 675 1938 loco
703 1900 824 1950 gratia
855 1897 945 1935 fidei
987 1896 1228 1948 significatur
1250 1924 1260 1941 ,

152 1972 272 2011 quam
302 1956 407 1994 Deus
436 1952 609 2005 parvulis
628 1982 637 2000 ,
668 1952 737 1990 hoc
767 1960 819 1989 est
839 1949 1082 1996 humilibus,
1112 1962 1262 1986 conces-

154 2014 227 2059 sit,
262 2009 462 2060 denegavit
492 2020 581 2046 vero
610 2005 889 2057 prudentibus,
935 2002 969 2039 &
998 2001 1233 2053 sapientibus
1252 2029 1262 2048 ,

151 2077 292 2114 nempe
320 2062 479 2100 scientia
507 2060 684 2098 saeculari
714 2057 881 2104 inflatis,
911 2057 945 2092 8(
974 2055 1175 2107 superbis.

210 2118 274 2155 55.
304 2116 410 2162 Quos
439 2123 565 2150 autem
587 2111 787 2163 Apostolus
814 2125 846 2148 1.
868 2110 957 2146 Cor.
979 2110 1028 2145 II.
1059 2108 1265 2145 animales

154 2171 335 2209 homines
364 2176 498 2215 vocat,
530 2168 556 2204 ii
585 2173 670 2202 sunt
700 2163 853 2216 parvuli
883 2164 924 2200 111
953 2160 1130 2209 Christo,
1169 2159 1266 2198 lacte

154 2222 373 2269 nutriendi,
416 2230 455 2258 ut
485 2219 764 2258 evidentissime
794 2225 894 2269 patet
923 2229 968 2253 ex
1004 2214 1267 2266 subsequenti-

154 2279 228 2318 bus
256 2275 384 2315 verbis
412 2289 498 2325 cap.
519 2274 586 2312 ΙΙΙ.
611 2287 646 2312 2.
677 2273 743 2311 lac
764 2270 864 2310 vobis
892 2279 1028 2320 potum
1044 2267 1158 2317 dedi,
1187 2280 1270 2305 non

155 2344 322 2375 escam‚·
364 2328 542 2366 nondum
571 2330 682 2366 enim
724 2328 916 2378 poteratis
937 2355 947 2373 ,
985 2322 1056 2361 sed
1083 2335 1135 2361 ne
1163 2334 1271 2359 nunc

158 2385 315 2439 quidem
331 2386 492 2435 potestis
508 2397 524 2427 ,-
545 2380 673 2419 adlzuc
691 2384 804 2419 enim
823 2378 1013 2418 carnales
1033 2380 1127 2415 estis
1144 2402 1153 2414 .
1184 2375 1274 2429 Spi-

157 2439 314 2479 rituales
343 2450 432 2476 vero
461 2445 547 2474 sunt
576 2434 658 2487 jam
686 2435 875 2488 perfecti,
902 2432 1048 2485 quibus
1069 2438 1271 2483 propterea

157 2495 207 2533 ad
237 2491 327 2532 Gal.
347 2490 418 2529 VI.
455 2504 488 2528 1.
518 2489 652 2541 jubet,
701 2497 742 2526 ut
771 2487 867 2525 alios
897 2487 1114 2524 instruant.
1162 2481 1240 2521 Vos
1262 2513 1273 2531 ,

161 2552 226 2598 qui
267 2544 495 2597 spirituales
535 2547 658 2592 estis,
702 2544 882 2579 instruite
924 2536 1150 2591 hujusmodi
1187 2544 1275 2577 (9*0.

163 2601 247 2640 Non
276 2613 384 2652 ergo,
416 2608 456 2636 nt
481 2597 699 2636 Adversarii
730 2595 861 2635 volunt
883 2625 894 2643 ,
915 2592 1100 2631 'homines
1129 2592 1276 2629 anima-

164 2655 219 2693 les
246 2663 331 2692 sunt
368 2653 510 2704 impii,
554 2651 588 2687 ἃ
618 2651 747 2704 pravis
791 2647 990 2688 affectibus
1033 2644 1277 2699 perturbati3

166 2722 288 2760 neque
330 2705 547 2760 spirituales
587 2707 719 2743 omnia
756 2704 914 2742 omnino
942 2700 1152 2754 Scripturas
1195 2699 1281 2738 loca

168 2761 385 2813 :intelligunt
403 2791 413 2810 ,
445 2768 483 2798 nt
511 2760 557 2797 de
586 2758 693 2797 nullo
720 2758 885 2796 debeant
902 2769 1030 2794 errore
1059 2756 1194 2807 timere
1217 2781 1227 2793 .

227 2814 288 2852 56.
321 2815 407 2853 Alio
435 2814 519 2852 Ioco
541 2827 577 2852 2.
598 2813 686 2852 Cor.
708 2811 778 2850 IV.
809 2809 1012 2863 Apostolus
1032 2821 1109 2847 non
1139 2809 1215 2859 agit
1235 2807 1281 2846 de

171 2866 423 2917 intelligentia
451 2867 741 2920 Scripturarum
759 2896 770 2915 ,
811 2865 875 2903 sed
905 2865 951 2902 de
982 2861 1186 2915 Evangelii
1224 2875 1282 2900 re-

172 2919 378 2972 ceptione,
425 2920 458 2956 8(
486 2921 675 2973 significat
693 2951 703 2969 ,
734 2933 809 2957 non
837 2932 969 2956 omnes
996 2917 1157 2969 quidem
1187 2917 1284 2954 reci-

174 2986 266 3027 pere
286 2972 561 3024 Evangelium,
591 2976 629 3012 id
649 2983 778 3013 autem
806 2987 883 3012 non
913 2985 958 3009 ex
988 2985 1056 3009 sua
1085 2969 1202 3022 culpa
1220 2983 1285 3007 eo-

175 3040 264 3067 rum
281 3056 291 3075 ,
321 3039 485 3078 quorum
514 3036 655 3066 mentes
684 3029 737 3066 ita
765 3035 970 3066 excaecatae
996 3034 1132 3074 erant,
1164 3033 1203 3062 ut
1223 3037 1284 3062 ra-

176 3081 346 3120 diantem
377 3078 578 3130 Evangelii
607 3081 734 3120 lucem
763 3095 839 3120 non
869 3080 1067 3119 viderent.

235 3134 300 3185 57.
329 3131 564 3170 Postremum
594 3134 756 3185 denique
785 3135 825 3173 S.
848 3134 947 3172 Petri
976 3132 1107 3172 locum
1137 3145 1288 3185 praepo-

176 3197 274 3230 etere
296 3186 458 3224 >omnino
488 3185 705 3223 Adversarii
734 3188 951 3240 explicant3
993 3188 1069 3225 duo
1095 3189 1201 3224 enim
1230 3186 1290 3224 di-

179 3244 233 3280 cit
262 3242 349 3278 satis
379 3241 473 3277 inter
498 3253 539 3276 se
568 3239 740 3276 distincta
758 3266 767 3277 .
798 3241 924 3278 Primo
953 3255 1030 3280 esse
1049 3241 1229 3293 quaedam
1253 3241 1291 3277 iu

180 3293 353 3334 Paulinis
381 3291 547 3345 epistolis
575 3291 770 3330 intellectu
799 3293 1001 3341 difficilia,
1039 3296 1155 3346 idque
1184 3293 1293 3332 abso-

182 3347 284 3396 lute,
320 3346 356 3385 ,ὃς
385 3355 558 3400 respectu
585 3347 788 3387 omnium..
834 3345 939 3385 Tum
966 3346 1049 3388 liaec
1078 3347 1164 3387 loca
1191 3345 1293 3385 diffi-

768 103 919 148 PARS
954 101 1012 147 11.
1043 95 1448 146 DISSERTATIO
1482 94 1539 139 ΙΙ.
1573 95 1702 138 CAP.
1732 95 1792 139 Π.

1313 174 1405 213 cilia
1434 175 1483 212 ab
1513 174 1672 212 indoctis
1690 203 1700 221 ‚
1744 171 2068 226 instabilibusque
2115 171 2338 214 hominibus
2367 175 2430 214 de-

1313 228 1492 280 pravari.
1522 227 1618 265 Sane
1648 226 1822 278 Magnus
1844 225 2074 277 Augustinus
2104 243 2227 281 neque
2258 229 2430 268 indoctus

1313 289 1415 328 erat,
1447 294 1568 333 neque
1598 278 1814 325 instabilis;
1845 279 1984 316 fatetur
2004 291 2130 319 autem
2161 282 2208 321 tle
2227 282 2345 335 fitle,
2376 284 2427 323 Θ

1311 346 1417 383 oper.
1447 348 1532 385 cap.
1560 334 1620 372 15.
1643 332 1676 369 8(
1702 332 1762 371 16.
1792 332 1919 370 locum
1953 330 2068 370 illum
2098 336 2266 386 Apostoli
2294 351 2326 374 1.
2356 337 2428 374 Co·

1312 386 1430 425 rinth.
1452 387 1519 425 III.
1547 400 1632 425 ι2.;
1676 391 1708 425 si
1737 390 1822 438 quis
1851 385 2150 438 superaeclificat
2179 403 2294 440 super
2325 388 2430 442 fun-

1314 440 1553 478 damentum
1582 441 1670 481 &a
1699 439 2018 478 obscurissimum
2050 454 2150 487 esse,
2180 442 2214 477 8<
2244 457 2289 481 ex
2320 445 2366 482 iis
2389 458 2432 481 u-

1318 509 1412 533 num
1426 525 1436 542 ,
1453 509 1540 547 quae
1558 493 1598 532 S.
1616 494 1745 532 Petrus
1765 507 1842 531 esse
1858 492 2053 532 intellectu
2070 493 2248 533 difficilia
2264 497 2431 535 dixerat.

1374 548 1440 586 58.
1472 548 1529 586 Ad
1559 548 1684 596 illud,
1727 547 1831 599 quod
1869 547 2039 585 additum
2071 558 2123 585 est
2152 561 2196 585 ex
2226 562 2312 602 cap.
2342 551 2431 590 VH.

1317 601 1357 639 S.
1387 601 1570 650 Joannis,
1601 601 1728 640 facilis
1758 609 1811 638 est
1840 602 2054 652 responsio:
2086 604 2179 640 inter
2200 601 2276 640 alia
2305 605 2428 652 enim,

1314 668 1403 707 quae
1432 656 1480 693 ad
1497 655 1728 695 voluntatem
1745 654 1819 692 Dei
1840 654 2055 693 faciendam
2084 656 2354 709 requiruntur,
2384 667 2437 696 est

1316 709 1444 746 debita
1463 739 1475 757 ,
1518 708 1551 746 ἃ
1583 711 1751 762 perfecta
1780 707 1998 747 obedientia
2027 708 2242 749 Pastor-ibus
2273 710 2321 748 ab
2352 712 2436 762 ipso

1316 763 1551 810 constitutis,
1583 772 1623 801 ut
1652 761 1868 801 Ecclesiam
1899 760 1974 799 Dei
2004 771 2160 814 regant,
2200 762 2307 815 juxta
2337 763 2451 803 illud„

1315 816 1455 856 Matth.
1476 816 1625 855 XVIII.
1652 830 1712 868 17.
1762 815 1804 853 Si
1833 813 2067 853 Ecclesiam
2109 829 2190 854 non
2234 817 2432 866 audierit,

1315 875 1363 909 sit
1393 870 1460 908 tibi
1489 874 1587 908 sicut
1617 869 1836 918 Etlmicus,
1865 869 1915 909 (ἶ)
1944 868 2207 908 Publicanus.
2237 871 2286 909 Et
2315 873 2436 910 Lueae

1318 925 1369 963 X.
1399 924 1457 963 16.
1493 924 1569 977 Qui
1598 939 1662 963 ros
1692 924 1825 972 antiit,
1856 936 1922 960 me
1951 923 2086 961 audit.
2119 924 2176 962 Ad
2206 937 2436 975 cognoscen-

1318 980 1408 1017 dam
1431 980 1547 1031 igitur
1567 993 1699 1017 veram
1719 979 1859 1017 Christi
1890 977 2103 1016 doctrinam
2122 1008 2133 1025 ,
2162 977 2339 1016 docilitas
2358 978 2455 1016 Ec-'

1320 1032 1448 1071 clesiae
1479 1033 1697 1084 magisterio
1726 1033 1764 1070 in
1794 1031 1932 1084 primis
1962 1032 2173 1070 necessaria
2203 1040 2284 1070 est.

1377 1087 1441 1137 59.
1473 1087 1561 1123 Inst.
1586 1100 1622 1124 2.
1653 1086 1736 1124 IIoc
1766 1087 1920 1123 interest
1951 1094 2054 1122 vetus
2084 1086 2209 1133 inter,
2240 1085 2274 1122 δι
2296 1093 2461 1123 11ον111η’

1323 1139 1425 1176 Test.
1447 1139 1549 1190 quod
1582 1138 1680 1175 illud
1710 1149 1788 1177 erat
1818 1137 1918 1176 liber
1947 1139 2139 1190 signatus,
2173 1147 2211 1176 ut
2241 1140 2382 1177 dicitur
2403 1140 2438 1177 I-

1324 1194 1414 1230 saiae
1449 1206 1543 1243 neap.
1565 1191 1717 1229 XXIX.
1745 1206 1805 1230 11.
1835 1191 1869 1227 &
1901 1205 1980 1242 seq.
2020 1206 2161 1230 novum
2205 1201 2333 1230 autem
2363 1192 2439 1230 Te-

1325 1254 1436 1283 stam.
1466 1253 1518 1283 est
1547 1243 1648 1282 liber
1677 1254 1830 1296 apertus
1847 1273 1858 1292 ,
1888 1253 1928 1282 ut
1948 1245 2089 1282 dicitur
2109 1246 2231 1296 Apoc.
2252 1245 2302 1284 V.
2326 1247 2363 1285 5.
2384 1259 2442 1285 er·-

1324 1312 1371 1350 go
1401 1298 1474 1336 &c-

1379 1351 1446 1390 60.
1478 1350 1592 1404 Resp.
1623 1351 1842 1391 Discrimen
1862 1381 1872 1400 ‚
1916 1351 2019 1403 quod
2060 1352 2159 1390 inter
2195 1359 2300 1389 vetus
2323 1381 2333 1398 ,
2377 1364 2444 1389 no-

1325 1419 1496 1458 vumque
1528 1406 1815 1445 Testamentum
1845 1405 2070 1454 intercedit,
2109 1406 2148 1443 in
2179 1418 2222 1442 eo
2251 1405 2363 1442 situm
2391 1418 2448 1443 es-

1327 1474 1389 1507 se,
1433 1460 1536 1512 quod
1564 1461 1605 1498 in
1635 1461 1753 1499 veteri
1785 1461 1930 1499 foedere
1972 1460 2100 1497 omnia
2132 1460 2172 1497 in
2203 1459 2329 1510 figura
2358 1472 2448 1496 con-

1327 1513 1551 1565 tingebant3
1579 1513 1613 1549 8<
1643 1523 1845 1567 propterea
1874 1511 1976 1550 liber
2004 1517 2189 1565 signatus
2218 1512 2447 1558 dicebatur3

1328 1569 1369 1606 iu
1399 1581 1499 1607 novo
1527 1567 1659 1606 solutis
1688 1568 1896 1620 signaculis
1926 1566 1976 1605 ab
1997 1568 2106 1619 Agno
2135 1575 2285 1619 apertus
2315 1575 2367 1604 est
2396 1565 2443 1603 'li-

1328 1621 1398 1660 ber
1419 1652 1429 1670 ,
1466 1635 1556 1660 cum
1587 1636 1724 1674 nempe
1754 1622 1981 1662 adveniente
2011 1622 2167 1658 veritate
2199 1621 2334 1672 figurae
2369 1633 2448 1657 ces-

1330 1684 1488 1722 sarunt5
1518 1689 1594 1714 non
1624 1677 1675 1714 ita
1695 1684 1822 1714 tamen
1852 1673 1953 1713 liber
1973 1684 2127 1724 apertus
2147 1683 2198 1711 est
2216 1705 2225 1721 ,
2259 1683 2296 1710 ut
2316 1674 2447 1711 omnia

1332 1731 1472 1781 possint
1500 1729 1551 1767 ab
1581 1743 1811 1781 unoquoque
1842 1730 1923 1768 sine
1945 1726 2130 1766 Ecclesiae
2153 1729 2371 1779 magisterio
2391 1728 2449 1765 in-

1331 1783 1477 1835 telligi,
1508 1783 1542 1819 Sc
1571 1782 1789 1835 explicari.

1387 1836 1453 1875 61.
1483 1836 1578 1889 Obj.
1602 1851 1639 1875 2.
1669 1836 1800 1876 Sancti
1831 1835 1959 1876 Patres
1989 1837 2231 1887 Scripturam
2275 1848 2353 1872 esse
2397 1836 2449 1872 ita

1329 1891 1575 1944 perspicuam
1604 1891 1765 1938 dicunt,
1796 1899 1837 1929 ut
1855 1891 2021 1944 quilibet
2052 1891 2163 1943 possit
2186 1890 2267 1927 sine
2296 1888 2454 1926 alterius

1330 1958 1400 1995 ope
1430 1944 1563 1982 omnia
1592 1952 1727 1982 nostrae
1760 1944 1968 1996 Religionis
1996 1946 2173 1995 dogmata
2204 1945 2244 1981 in
2273 1958 2316 1980 ea
2347 1943 2455 1980 inve-

1332 1999 1442 2034 nire.
1484 1997 1586 2034 Nam
1617 1998 1746 2048 primo
1775 1997 1816 2035 S.
1846 1998 1907 2036 Jo.
1938 1998 2231 2050 chrysostomus
2259 1996 2454 2033 concione

1334 2050 1401 2088 III.
1431 2049 1480 2086 cle
1507 2048 1672 2086 Lazaro
1703 2049 1816 2087 Toni.
1838 2050 1868 2088 I.
1898 2051 1992 2089 adeo
2022 2050 2221 2088 manifesta
2239 2079 2250 2097 ,
2281 2048 2314 2085 8t
2345 2048 2453 2087 clara

1335 2117 1410 2141 esse
1431 2103 1552 2151 dicit,
1582 2117 1671 2155 quae
1689 2102 1886 2154 Apostoli,
1917 2103 1951 2141 8(
1972 2102 2170 2157 Propheta:
2193 2103 2270 2140 trad
2280 2103 2454 2151 iderunt,

1334 2165 1377 2193 ut
1405 2169 1474 2208 per
1502 2169 1545 2193 se
1573 2160 1735 2206 quisque
1764 2155 1916 2194 discere
1944 2161 2064 2207 possit
2094 2170 2145 2195 ea
2163 2187 2172 2205 ,
2203 2169 2292 2207 quie
2317 2156 2458 2194 (licun-

1336 2218 1420 2257 tur,
1461 2222 1514 2247 ex
1543 2210 1631 2247 sola
1661 2210 1857 2257 lectione,
1906 2210 1940 2246 &
1970 2211 2096 2250 infra:
2140 2214 2202 2249 cui
2232 2214 2340 2248 enim
2370 2224 2451 2248 non

1337 2272 1429 2302 sunt
1472 2262 1698 2314 manifesta
1739 2275 2000 2314 quoecumque
2029 2268 2071 2302 in
2100 2262 2322 2317 Evangelio
2358 2268 2457 2302 scri-

1338 2326 1410 2371 pta
1430 2326 1522 2355 sunt
1537 2316 1561 2354 Ρ
1590 2318 1684 2356 Item
1708 2320 1722 2368 (
1745 2316 1862 2355 Hom.
1883 2318 1950 2356 ΙΙΙ.
1973 2319 2011 2356 111
2031 2331 2067 2356 2.
2089 2317 2163 2367 Ep.
2185 2319 2230 2356 ad
2248 2317 2455 2367 Thessal.)

1345 2371 1449 2422 Quid
1477 2385 1573 2423 opus
1602 2380 1688 2419 est,
1720 2372 1873 2423 inquit,
1917 2369 2147 2410 sermone?
2188 2375 2328 2409 omnia
2366 2380 2460 2410 sunt

1342 2424 1518 2464 dilucida
1538 2455 1549 2473 ,
1579 2425 1629 2465 (9⁰
1659 2423 1796 2463 rebla.
1840 2425 1998 2465 Accedit
2027 2426 2069 2465 S.
2100 2425 2360 2477 Augustinus,
2391 2427 2462 2478 qui

1342 2480 1384 2518 in
1405 2478 1464 2517 Ps.
1485 2479 1592 2517 VIII.
1613 2493 1723 2517 num.
1747 2477 1786 2517 8.
1809 2478 1937 2518 Deum
1958 2480 2078 2529 dicit,
2110 2480 2328 2517 inclinasse
2356 2477 2464 2516 Scri-

1343 2542 1483 2585 pturas
1512 2546 1657 2571 sacras
1677 2546 1798 2585 usque
1818 2532 1875 2570 acl
1903 2532 2125 2585 infantium
2153 2534 2201 2575 (9⁴
2224 2535 2462 2570 lactentium

1345 2590 1620 2638 capacitatem
1643 2603 1658 2632 ;
1687 2587 1722 2624 8(
1750 2590 1788 2625 111
1818 2586 1943 2639 Epist.
1970 2588 2058 2639 157.
2091 2588 2223 2638 (alias
2246 2600 2282 2624 2.
2314 2600 2351 2623 n.
2374 2585 2413 2624 3.
2444 2586 2461 2635 )

1345 2650 1549 2695 postquam
1578 2642 1703 2690 dixit,
1734 2654 1920 2692 magnum
1950 2656 2028 2680 esse
2056 2640 2366 2678 Christianarum
2396 2639 2462 2677 lit-

1346 2704 1518 2733 terarum
1557 2695 1885 2748 profunditatem,
1928 2693 2037 2732 illico
2065 2693 2210 2732 subdit:
2253 2707 2333 2731 non
2363 2692 2467 2745 quoti

1350 2749 1406 2787 ad
1435 2762 1486 2788 ea
1504 2780 1514 2797 ,
1544 2763 1634 2801 quoe
1654 2750 1888 2786 necessaria
1907 2756 2000 2786 sunt
2028 2748 2174 2797 saluti,
2205 2756 2326 2785 tanta
2347 2751 2388 2785 in
2409 2751 2466 2786 eis

1350 2806 1604 2854 perveniatur
1632 2801 1896 2851 difficultate5
1925 2801 1996 2840 secl
2026 2815 2117 2840 cum
2146 2806 2308 2854 quisque
2336 2800 2464 2854 ibifl-

1351 2857 1444 2896 clem
1473 2860 1663 2905 tenuerit,
1706 2859 1792 2893 sine
1821 2868 1905 2907 qua
1933 2860 2026 2907 pie,
2058 2855 2238 2908 reHeque
2266 2870 2344 2894 non
2376 2860 2465 2894 viri-

1351 2921 1441 2960 tur,
1483 2921 1572 2952 tam
1601 2911 1730 2948 multa
1751 2939 1762 2958 ,
1805 2918 1969 2961 tamque
1998 2910 2273 2961 multiplicibus
2311 2919 2464 2964 myste-

1350 2970 1501 3004 riorum
1529 2963 1770 3002 umbraculis
1797 2973 1997 3013 opacata,
2045 2965 2307 3018 intelligenda
2343 2963 2464 3016 profi-

1353 3019 1543 3059 cientibus
1571 3028 1726 3057 restant
1748 3049 1758 3067 ,
1801 3026 1996 3070 tantaque
2024 3033 2105 3057 non
2147 3020 2273 3058 solum
2312 3023 2352 3057 in
2382 3030 2465 3056 ver-

1354 3073 1432 3123 bis,
1463 3072 1598 3127 quibus
1626 3076 1706 3110 ista
1734 3070 1839 3109 (Ziela
1868 3082 1981 3122 sunt,
2016 3086 2150 3112 §ferum
2182 3077 2304 3112 etiam
2334 3075 2375 3109 in
2404 3084 2466 3110 re·-

1355 3128 1451 3177 bus,
1494 3140 1583 3181 quoe
1612 3126 1881 3179 intelligendae
1909 3136 2021 3176 sunt,
2060 3128 2164 3172 latet
2205 3125 2370 3164 altitudo
2398 3139 2466 3164 sa-

1358 3187 1543 3234 pientiae,
1572 3189 1613 3218 ut
1641 3184 1922 3218 annosissimis
1939 3211 1949 3230 ,
1980 3184 2219 3219 acutissimis
2239 3211 2250 3228 ,
2270 3180 2468 3233 flagran-

1360 3240 1525 3274 tissimis
1553 3234 1765 3287 cupiditate
1794 3234 1971 3273 discendi
2001 3234 2071 3272 ltoc
2099 3237 2334 3287 contingat,
2363 3232 2466 3286 quod

1360 3290 1508 3328 eaclem
1537 3287 1740 3339 Scriptura
1768 3288 1944 3340 quodam
1974 3289 2056 3326 loco
2084 3286 2199 3325 hah-et
2229 3294 2245 3341 (
2275 3287 2466 3328 Ecclesia-

1359 3346 1444 3385 stiei
1466 3342 1610 3385 XVIII.
1625 3342 1697 3395 6.)
1723 3341 1823 3382 Cum
1843 3345 2181 3384 consummmerit
2200 3341 2339 3391 homo,
2368 3349 2463 3377 tunc

2357 3407 2418 3432 m-
