2564 3706
224 131 308 172 1²06

212 207 299 255 ¹49·
332 199 516 253 Respond.
545 196 1023 248 Quemactumditmtoetera
1051 199 1257 236 omniane-

154 260 311 297 cessaria
341 254 519 293 Israelitis
541 254 578 291 in
608 252 751 290 deserto
771 265 846 290 non
866 253 1088 297 defueruut3
1119 253 1167 287 ita
1183 261 1257 286 non

151 311 312 348 defuisse
343 306 471 359 Moysi
503 308 747 345 instrumenta
777 306 827 344 ad
862 305 1131 349 scribendum,
1178 302 1269 337 sive·

148 377 187 400 m
207 371 314 414 petra
332 390 342 409 ,
372 374 452 399 sive
472 361 509 398 in
526 360 630 412 liguo
646 390 657 408 ‚
686 361 763 399 sive
781 362 823 398 iu
837 359 913 396 alia
932 357 1089 395 materia
1119 353 1157 391 id
1174 352 1259 390 fieri

147 425 235 453 tunc
256 416 512 462 consueverit,
541 415 587 452 de
606 426 682 466 quo
702 412 799 451 nihil
830 421 880 449 est
908 409 1145 466 explorat-um
1169 405 1257 466 (it).

209 468 299 506 150.
330 467 504 506 Alterum
535 475 662 506 autem
678 467 825 504 diverso
846 463 955 502 modo
983 460 1177 510 explicant
1199 472 1256 496 in-

149 531 354 573 terpretes,
399 520 431 557 8(
462 521 576 559 multi
606 528 762 571 putant,
804 517 927 554 solum
957 521 1150 564 praecepta
1180 512 1256 549 De-

150 574 272 626 calogi
304 575 417 612 fuisse
448 575 492 612 iis
522 573 713 624 lapidibus
742 568 955 618 insculpta.
999 565 1132 617 Aliqui
1163 578 1257 602 non-

148 630 224 665 nisi
254 642 315 665 eas
336 626 618 665 maledistiones
634 655 644 671 ,
675 624 707 659 &
727 618 1007 659 benedietiones
1024 648 1035 666 ,
1065 633 1152 670 quae
1175 620 1256 656 fue-

149 689 238 719 runt
269 682 307 718 iu
339 681 528 717 montibus
559 675 708 721 Hebiil,
752 674 786 709 &
815 674 986 710 Garizim
1031 674 1258 723 pronuncia-

151 743 200 771 tae
219 760 228 771 .
259 733 331 771 Sed
362 735 392 771 si
421 736 535 770 etiam
564 732 609 768 de
639 736 712 765 toto
732 725 1028 764 Deuteronomio
1048 725 1087 762 id
1116 725 1256 764 intelli-

149 788 313 838 gendum
344 789 414 833 sit,
456 787 596 822 scimus
626 793 671 817 ex
701 791 787 831 cap.
808 778 917 816 VIII.
947 777 1118 828 ejusdem
1148 778 1257 816 Deu-

150 850 343 878 teronom.
362 869 372 886 ,
403 852 461 875 eos
491 835 636 886 lapides
664 837 847 884 ingentes
880 846 958 870 esse
987 832 1162 870 debuisse
1181 864 1190 880 ,
1221 832 1256 868 St

148 895 262 931 calce
282 894 480 940 laewz‘gzztos
497 903 510 932 ‚·
540 897 578 924 ut
594 887 752 939 proinde
773 895 891 924 totum
908 885 1254 925 Deuteronomium

145 948 294 997 exiguis
323 935 452 981 litieris
481 942 673 979 continere
703 949 876 991 possent.

206 1000 293 1036 151.
323 995 416 1046 (ij.
448 996 484 1032 5.
516 993 670 1046 Moyses
690 1007 734 1030 ea
763 994 859 1031 scire
889 1004 965 1030 non
985 993 1134 1044 potuit,
1163 1006 1253 1046 quae

145 1052 192 1087 de
221 1048 449 1087 Patriarchis
477 1046 802 1094 antediluvianis,
833 1046 867 1082 &
895 1046 942 1084 de
971 1047 1098 1098 prima
1126 1059 1266 1085 rerum·

145 1105 320 1141 omnium
351 1103 497 1154 origine
527 1103 566 1139 in
598 1099 746 1138 Genesi
775 1101 1039 1148 continentur,
1070 1101 1254 1152 spatium-

178 1170 222 1193 ue
253 1155 371 1201 2433.
402 1167 589 1193 annorum
631 1153 738 1205 juxta
768 1152 964 1190 Usserium
1008 1152 1257 1205 comprehen-

146 1171 262 1257 dunt,
291 1208 396 1260 juxta
412 1207 694 1259 chronologiam
713 1220 800 1244 vero
815 1204 888 1245 edm
901 1205 1026 1244 LXX.
1044 1207 1121 1243 fere
1137 1206 1257 1251 4000.

148 1262 198 1301 Et
225 1264 404 1314 quamvis
426 1263 578 1299 fortasse
599 1274 666 1312 per
686 1260 924 1299 traditionem
947 1260 1109 1310 potuerit
1139 1261 1177 1296 in
1193 1271 1256 1296 co-

148 1317 359 1367 gnitionem
391 1328 516 1352 rerum
534 1314 819 1365 praecipuarum
848 1312 1053 1358 devenire,
1085 1312 1149 1348 vix
1170 1312 1257 1362 qui-

148 1370 236 1408 dem
258 1368 441 1406 credibile
470 1376 548 1413 est,
579 1368 704 1418 ipsum
726 1365 889 1416 potuisse
909 1365 955 1401 de
984 1365 1257 1402 minutioribus

149 1422 382 1473 quibusdam
413 1421 582 1467 erudiri,
614 1426 653 1454 ut
682 1427 764 1455 sunt
793 1425 844 1454 tot
875 1418 1046 1463 numeri,
1092 1415 1257 1454 Patriar-

149 1474 311 1513 charum
332 1475 528 1519 nativitas,
557 1481 669 1518 aetas,
701 1484 823 1516 mors,
854 1469 950 1517 filii,
983 1469 1257 1517 habitationes,

149 1541 249 1566 arcae
280 1526 483 1564 Noachicae
528 1537 737 1574 mensura,
786 1523 820 1559 δε
863 1522 939 1560 alia
970 1522 1085 1574 hujus
1113 1524 1259 1575 generis

154 1580 325 1618 leviora.

209 1635 295 1671 152.
328 1631 437 1685 Resp.
469 1633 619 1670 Attenia
638 1630 810 1682 longaeva
831 1629 1142 1669 patriarcharum
1174 1640 1263 1669 aeta-

149 1696 188 1725 te
215 1689 378 1739 potuisse
407 1684 584 1738 Moysem
612 1685 707 1723 orali
739 1685 935 1722 traditione
966 1684 1088 1723 multa
1126 1697 1263 1735 cogno-

150 1754 280 1787 scere,
311 1740 430 1777 immo
460 1738 572 1791 plane
591 1741 720 1776 omnia
751 1739 864 1775 etiam
889 1739 1116 1776 minutiora.
1150 1738 1264 1791 Moy-

150 1807 207 1832 ses
234 1794 338 1830 euim
369 1806 458 1830 cum
480 1792 658 1844 pluribus
678 1802 917 1829 conversatus
946 1801 1026 1839 est,
1056 1793 1123 1843 qui
1143 1791 1262 1829 Jacob

151 1855 358 1891 noverant5
401 1860 491 1883 nam
521 1845 588 1883 80.
618 1846 771 1883 circiter
799 1847 910 1883 annis
938 1854 1018 1897 post
1049 1845 1133 1896 ejus
1161 1859 1263 1881 mor-

154 1908 232 1937 tem
258 1908 370 1938 natus
396 1906 478 1937 est.
521 1898 638 1937 Jacob
668 1907 793 1936 autem
822 1912 911 1936 cum
942 1911 1014 1936 avo
1043 1912 1109 1936 suo
1140 1897 1262 1935 Abra-

154 1952 246 1991 ham
275 1953 396 2000 vixit,
426 1953 492 2004 qui
523 1953 614 1990 vidit
635 1952 724 1990 Sem
753 1950 880 1988 filium
902 1951 1008 1989 Noe.
1039 1952 1128 1988 Sem
1150 1963 1264 2001 porro

153 2007 261 2045 novit
280 2004 446 2044 Lamech
466 2036 476 2053 ,
506 2005 540 2041 &
561 2005 622 2043 hic
642 2018 731 2044 cum
754 2003 877 2043 Adam
899 2003 1046 2042 locutus
1061 2013 1139 2050 est;
1170 2003 1203 2038 8<
1234 2005 1263 2040 i-

154 2069 194 2098 ta
220 2069 384 2112 quatuor
400 2089 411 2106 ,
441 2057 500 2096 vel
516 2059 685 2111 quinque
707 2057 909 2096 hominum
931 2059 1113 2096 memoria
1142 2058 1264 2109 potuit

154 2112 313 2151 totailla
329 2111 484 2149 historia
501 2139 512 2159 ,
540 2124 629 2164 quae
659 2113 699 2149 in
714 2112 854 2149 Genesi
878 2112 1118 2160 continetur,
1150 2123 1267 2162 usque

156 2166 205 2204 ad
233 2164 412 2218 Moysem
439 2165 668 2216 pervenire.
696 2163 806 2202 Nihil
828 2171 880 2201 est
909 2174 1034 2202 autem
1067 2163 1267 2202 verosimi-

156 2219 258 2267 lius,
286 2232 405 2271 quam
433 2227 574 2257 veteres
594 2216 832 2256 Patriarchas
852 2226 1069 2255 accuratam
1100 2217 1269 2268 antiqui-

155 2281 276 2313 tatum
305 2272 484 2309 notitiam·
507 2272 583 2310 suis
611 2272 767 2324 posteris
795 2271 937 2322 saepius
966 2270 1185 2309 tradidisse.

214 2325 303 2364 155.
332 2324 609 2364 Verumtamen
624 2325 757 2378 siquis
771 2325 995 2372 contendat,
1025 2323 1157 2377 aliqua
1175 2324 1267 2361 fuis-

155 2393 195 2419 se
234 2380 486 2418 vetustissima
516 2387 787 2428 monumenta,
834 2379 932 2416 unde
960 2377 1116 2430 Moyses
1158 2391 1267 2415 suam

158 2433 355 2471 historiam
383 2432 639 2480 derivaverit,
687 2433 739 2470 ita
768 2441 807 2470 ut
835 2445 911 2470 non
954 2444 1103 2483 semper
1133 2430 1268 2468 divina

157 2486 389 2525 revelatione
418 2486 651 2537 indiguerit,
690 2499 766 2523 non
794 2485 1000 2522 admodum
1030 2497 1267 2536 repugnave-

158 2541 234 2578 rim
264 2539 346 2591 (b);
375 2539 583 2577 dummodo
609 2548 737 2577 tamen
767 2538 975 2590 peculiaris
995 2537 1070 2575 Dei
1099 2537 1267 2588 inspira-

156 2594 236 2642 tio,
265 2593 299 2630 &
328 2593 533 2631 assistentia
561 2593 637 2644 ipsi
664 2593 827 2630 minime
856 2592 1060 2643 denegetur
1081 2620 1091 2638 ,
1122 2604 1199 2642 qua
1227 2602 1269 2626 o-

161 2660 264 2684 mnes
293 2648 428 2686 vitaret
455 2659 625 2695 errores,
654 2660 808 2699 quaque
828 2644 910 2697 ejus
938 2643 1115 2691 historia,
1145 2652 1185 2681 ut
1205 2656 1268 2682 ca-

161 2701 324 2748 nonica,
367 2699 401 2736 δι
430 2700 614 2738 divinitus
643 2701 826 2752 inspirata
857 2698 1055 2745 habenda,
1094 2697 1128 2734 &
1157 2710 1268 2737 vene-

164 2753 281 2790 randa
309 2754 382 2791 sit.
419 2753 460 2791 Si
489 2754 594 2791 enim
624 2753 720 2791 hanc
749 2763 850 2792 certe
879 2752 1014 2791 habuit
1043 2750 1197 2803 Moyses
1227 2751 1268 2788 in

163 2804 213 2842 iis
240 2805 350 2843 rebus
377 2807 615 2855 scribendis,
645 2821 740 2860 quas
770 2807 935 2859 propriis
963 2807 1045 2858 ipse
1073 2803 1195 2843 oculis
1225 2818 1268 2841 u-

164 2867 408 2909 surpaverat,
437 2875 521 2898 eam
551 2860 672 2899 multo
700 2861 821 2912 magis
849 2859 1028 2897 habuisse
1056 2858 1268 2896 censendus

166 2918 220 2948 est
248 2910 287 2947 in
316 2910 402 2948 aliis
428 2915 718 2963 remotioribus,
764 2914 799 2950 &
829 2914 956 2951 minus
985 2913 1106 2961 notis,
1149 2920 1190 2950 ut
1216 2911 1268 2950 ab

167 2964 274 3002 omni
302 2965 437 3001 erroris
465 2966 634 3017 periculo
663 2967 799 3019 procul
828 2968 998 3007 abesset.

216 3070 265 3106 (a)
295 3067 374 3100 Jam
400 3074 553 3112 tempore
570 3070 706 3114 Moysis
733 3071 909 3105 inventam
928 3071 1035 3104 fuisse
1054 3079 1165 3104 artem
1183 3069 1272 3104 scri-

198 3111 301 3154 endi,
328 3114 400 3146 sive
427 3114 461 3145 in
488 3113 684 3157 lapidibus,
709 3118 778 3149 sive
805 3119 839 3149 in
865 3118 1033 3162 plumlm,
1066 3119 1137 3150 sive
1164 3118 1273 3150 etiam

174 3158 211 3190 in
236 3159 331 3203 ligno
354 3158 506 3193 ostendit
530 3158 786 3195 eruditissimus
810 3166 944 3207 Goguet
971 3166 1006 3197 in
1035 3166 1058 3198 l.
1086 3165 1188 3197 Tom.
1225 3164 1271 3196 ‹te

175 3206 352 3249 l'origine
378 3208 442 3239 des
466 3208 561 3246 lois,
585 3209 647 3239 des
674 3216 769 3246 aris,
797 3212 836 3240 <J
861 3212 924 3241 <les
952 3215 1109 3244 sciences
1132 3211 1207 3244 Lib.
1229 3210 1270 3242 Η.

173 3262 250 3295 cap.
276 3251 311 3283 6.
336 3251 504 3295 Ejusdem
529 3252 635 3285 etiam
663 3253 793 3285 claram
825 3256 1037 3289 mentionem
1072 3258 1155 3290 facit
1181 3256 1273 3295 Job,

175 3307 279 3339 quem
304 3295 395 3330 idem
413 3298 590 3342 Goguetus
617 3310 771 3331 coaevum
798 3299 902 3333 fuisse
921 3302 1050 3337 Jacobo
1062 3301 1273 3339 Patriarchae

175 3341 352 3377 contendis
380 3344 482 3378 Tom-
507 3345 569 3378 Vl·
594 3345 745 3380 Dissert·
771 3347 813 3378 lt.

912 109 1326 164 Dl-SSERTATIO
1351 113 1432 157 ln.
1465 110 1594 158 GAP'.
1625 114 1684 158 Π.

1383 191 1471 235 154·
1501 191 1596 241 Obj.
1627 191 1755 228 ultim.
1778 189 1892 243 styli
1921 193 2143 243 diversitas,
2180 194 2358 248 plurium>
2383 207 2443 234 re-

1324 256 1412 281 rum
1456 244 1723 295 transpositio,
1770 257 1815 282 ac
1846 248 2020 295 repetitio
2061 248 2163 286 clare
2206 248 2447 298 ostendunt,

1327 296 1624 334 pentateuchum
1654 309 1726 334 non
1756 309 1834 334 esse
1850 299 1964 335 unius
1991 299 2158 339 auctoris
2187 303 2348 350 foetum,
2378 304 2451 340 sed·

1328 350 1452 401 potius
1480 348 1801 401 compilationem
1815 350 2024 402 qnamdam
2055 364 2100 389 ex
2119 356 2312 394 nonnullis
2342 357 2442 394 anti-

1327 404 1413 454 quis
1442 404 1757 450 commentariis,
1787 402 2124 443 &monuinentis-
2156 406 2293 460 Reipsa
2325 410 2442 447 fuisse

1327 457 1367 493 in
1396 455 1621 493 Judaeorum
1651 455 1851 508 republica
1879 457 2027 510 aliquos
2057 458 2227 508 scribas,
2271 463 2316 500 ad
2348 475 2443 513 quos

1325 507 1545 559 spestabat,
1577 522 1632 547 res
1655 511 1840 547 memoria
1868 511 1998 562 dignas
2029 514 2067 549 in
2089 511 2241 550 tabulas
2271 516 2411 552 referre
2429 546 2441 564 ,

1325 561 1359 597 8<
1388 572 1440 599 est
1471 575 1538 612 per
1567 576 1606 599 se
1635 561 1851 601 verosimile
1869 593 1879 611 ,
1909 563 1945 600 &
1973 580 1994 602 a
2025 565 2220 603 nonnullis
2252 568 2412 605 traditur
2430 594 2443 606 .

1324 614 1416 652 Vid.
1448 614 1707 652 Theodoretus
1736 616 1881 663 Quaest.
1903 616 1970 655 IV.
2004 619 2163 657 in.,Lih.
2188 619 2234 656 ll.
2266 619 2410 672 Regum
2429 646 2441 659 .

1385 669 1472 705 155.
1506 667 1618 720 Hesp.
1650 667 1882 720 Hujusmodi
1912 671 2129 710 scribarum
2160 671 2302 710 nullibi
2337 686 2445 711 men-

1325 721 1466 759 tionem
1485 720 1571 760 fieri
1589 751 1599 770 ,
1629 723 1762 760 saltem
1793 723 1833 760 in
1850 719 2128 771 Pentateuehm
2158 734 2285 764 contra
2322 727 2445 777 potius

1324 774 1505 826 gravibus
1534 778 1769 826 argumentis
1789 775 1915 813 evinci
1943 779 2258 817 eumdem-fuisse
2289 779 2440 831 abipso

1325 826 1461 880 Moyse
1489 839 1715 874 exaratum3
1745 828 1886 881 quibus
1916 833 2149 880 argumentis
2177 832 2327 870 nnllam
2358 834 2443 872 vim

1323 882 1455 919 inanes
1484 880 1716 933 conjesturae
1747 894 1802 919 ex>
1821 882 1912 935 styli
1942 883 2185 931 diversitate,
2234 897 2443 937 rerumque

1322 936 1640 986 transpositione,
1671 944 1736 974 aut
1765 936 1985 988 repetitione
2013 935 2210 975 detrahere
2270 948 2427 977 ossunt.

1384 987 1472 1026 156.
1501 988 1758 1026 corollarium
1777 1015 1786 1026 .
1831 989 1958 1036 Quam
1993 1003 2081 1028 uam
2119 990 2166 1027 de
2196 1003 2235 1028 so
2255 1006 2276 1028 a
2304 989 2444 1029 Penta-

1322 1041 1450 1079 teuchi
1480 1042 1613 1080 divina
1651 1042 1880 1080 revelatione
1911 1005 2090 1080 hagtenus
2133 1043 2446 1095 disputavimus,

1324 1094 1440 1132 facile
1470 1103 1594 1132 tamen
1623 1095 1788 1147 quilibet
1810 1096 1944 1148 poterit
1973 1097 2108 1134 iisdem
2130 1096 2209 1134 fere
2239 1111 2453 1148 argumen-·

1323 1151 1370 1185 tis
1399 1148 1574 1185 eamdem
1604 1150 1719 1186 etiarn
1749 1151 1788 1187 in
1817 1149 2141 1202 subsequentibus
2170 1147 2219 1186 V.
2251 1149 2300 1187 Τ.
2333 1150 2452 1188 libris-

1325 1200 1551 1238 viudicare.
1580 1198 1792 1252 Scriptores
1821 1203 1928 1239 enim
1957 1204 2084 1250 sacri,
2114 1203 2183 1255 qui
2213 1203 2449 1254 reipublicae

1325 1252 1499 1291 Judaicae
1532 1253 1669 1301 fastos,
1712 1254 1772 1291 vel
1803 1255 1933 1293 divina
1962 1255 2117 1292 oracula
2160 1254 2297 1293 litteris
2327 1258 2449 1295 consi-

1324 1315 1518 1356 gnaruut,
1548 1307 1694 1344 divinae
1724 1321 1808 1344 suae
1835 1307 2051 1352 missionis,
2082 1316 2195 1358 atque
2226 1309 2449 1360 inspiratio-

1325 1360 1385 1396 nis
1407 1360 1602 1398 miraculis
1618 1389 1630 1408 ,
1661 1359 1694 1396 3<
1717 1359 1927 1412 prophetiis
1942 1360 2226 1399 evidentissima
2243 1374 2450 1412 argumen-

1325 1420 1362 1450 ta
1384 1413 1659 1464 praebuerunt.
1691 1414 1875 1461 Accedit,
1905 1413 2175 1466 quodeaedem
2205 1417 2367 1451 omnino
2395 1413 2451 1451 le-

1324 1479 1409 1516 ges,
1440 1468 1682 1517 potissimum
1712 1476 1901 1519 quantum
1931 1467 1979 1504 ad
2008 1465 2230 1518 religiosum
2263 1467 2337 1504 Dei
2367 1465 2453 1505 cul-

1330 1527 1412 1555 tum
1430 1548 1440 1566 ,
1490 1532 1577 1570 quae
1607 1535 1628 1558 a
1658 1518 1796 1572 Moyse
1825 1520 1907 1558 Deo
1936 1519 2093 1570 jubente
2115 1550 2126 1568 ,
2174 1517 2208 1554 &
2238 1521 2451 1573 inspirante

1331 1574 1544 1609 constitutae
1574 1574 1754 1622 fuerant,
1797 1574 1875 1612 sine
1905 1573 1987 1612 ulla
2015 1574 2222 1612 mutatione
2261 1575 2300 1611 in
2330 1583 2453 1625 poste-

1331 1625 1498 1663 rioribus
1528 1628 1644 1664 sacris
1673 1626 1784 1664 libris
1804 1636 1964 1665 servatae
1986 1641 2136 1679 semper
2155 1655 2166 1674 ,
2196 1627 2228 1663 8<
2260 1636 2452 1666 renovatae

1332 1679 1513 1725 fuerunt3
1544 1687 1584 1716 ut
1601 1680 1760 1732 proinde
1781 1689 1921 1718 ceteros
1941 1682 2163 1732 posteriores
2179 1679 2298 1718 libros
2327 1694 2450 1733 usque

1328 1733 1379 1769 ad
1395 1732 1590 1770 Christum
1607 1733 1740 1770 eodem
1769 1747 1919 1786 semper
1935 1735 2072 1785 spiritu
2102 1735 2336 1786 conscriptos
2353 1734 2450 1771 fuis-2

1332 1798 1371 1821 se
1401 1784 1551 1838 liquido
1571 1794 1780 1838 appareat.
1809 1786 1884 1825 Sed
1914 1786 2017 1838 quod
2046 1785 2227 1823 ultimum
2256 1787 2368 1837 quasi
2399 1787 2457 1824 si⁴

1328 1837 1470 1889 gilium
1514 1840 1568 1876 eis
1611 1840 1804 1892 apponit,
1850 1848 1903 1877 est
1932 1838 2074 1877 Christi
2105 1838 2465 1892 Apostolorumque·

1328 1890 1560 1930 auetoritas.
1591 1893 1631 1930 In
1662 1906 1757 1930 novo
1786 1893 1890 1930 enim
1907 1891 2011 1931 Test.
2041 1893 2193 1943 antiqui
2223 1892 2379 1930 foederis
2403 1891 2455 1930 li-

1330 1944 1391 1981 bri
1423 1954 1606 1996 tanquam
1636 1946 1761 1983 divini
1791 1948 1932 1998 saepius
1960 1945 2198 1997 allegantur.
2241 1945 2284 1984 Si
2323 1947 2460 1997 itaque,

1328 2006 1522 2038 ostensum
1553 1999 1667 2035 fuerit
1697 2000 1713 2048 (
1742 1998 1844 2048 quod
1873 1997 1957 2035 Deo
1997 1998 2109 2035 dante
2138 1998 2265 2036 statim
2295 2008 2455 2049 praesta-

1334 2050 1464 2088 bimus
1494 2051 1538 2099 ),
1583 2063 1725 2088 novum
1755 2050 1859 2087 Test.
1889 2050 2043 2098 divina,
2082 2049 2117 2086 &
2146 2049 2354 2088 infallibili
2384 2064 2452 2089 au-

1337 2102 1502 2141 &oritate
1533 2097 1704 2156 pollere,
1733 2104 1851 2141 etiam
1879 2103 2002 2142 divini
2030 2103 2182 2142 dicendi
2212 2113 2323 2142 erunt
2352 2106 2453 2143 anti-

1334 2159 1402 2208 qui
1434 2157 1588 2194 foederis
1617 2156 1738 2204 libri,
1767 2158 1898 2209 quint
1926 2155 2019 2194 tales
2048 2157 2087 2194 in
2116 2158 2187 2195 isto
2213 2157 2455 2209 allegantur·

1336 2209 1494 2248 Consuli
1525 2219 1679 2261 possunt
1708 2219 1847 2261 praeter
1876 2208 1970 2247 alios
2000 2209 2158 2258 multos,
2206 2211 2273 2263 qui
2303 2212 2350 2248 de
2379 2210 2455 2249 hac.-

1339 2276 1377 2300 re
1406 2265 1588 2315 egerunt,
1616 2262 1717 2302 Dan.
1740 2262 1902 2300 Huetius
1931 2266 1972 2299 in
1994 2261 2229 2301 Demonstr.
2251 2261 2454 2317 Evangel.

1338 2315 1490 2369 Propos.
1512 2316 1581 2355 IV.
1610 2330 1696 2368 cap.
1723 2316 1784 2362 ¹4·
1822 2316 1856 2352 &
1886 2314 2086 2354 TraRatus
2128 2315 2177 2355 de
2219 2315 2453 2366 divinitate,

1336 2371 1385 2410 <J
1396 2373 1668 2408 canonicimte
1677 2382 1888 2408 sacrorum
1900 2368 2114 2407 Bibliorum
2126 2400 2137 2417 ,
2152 2368 2302 2410 antlore
2313 2371 2335 2410 J
2337 2385 2454 2410 oann-

1336 2423 1480 2463 Frauc.
1510 2422 1710 2462 Marchini
1739 2422 1860 2461 Taur.
1888 2437 2003 2475 ¹777·
2032 2425 2074 2462 in
2102 2422 2143 2470 4.

1683 2528 1967 2569 CAPUT
2039 2530 2109 2569 ΙΙΙ.

1336 2637 1573 2677 Ostenditur
1589 2668 1600 2687 ,
1630 2636 1808 2676 divinam
1827 2638 2109 2676 revelationem
2130 2639 2304 2674 existere
2332 2639 2373 2674 in
2393 2634 2452 2677 IV.

1395 2690 1438 2730 T.
1467 2695 1716 2743 potissimum
1737 2704 1791 2728 ex
1819 2691 2025 2728 miraculis
2041 2720 2052 2738 ,
2081 2691 2132 2732 <9'
2153 2689 2373 2742 Prophetiis
2388 2690 2452 2731 Je-

1388 2759 1435 2785 su
1467 2745 1611 2784 Christi
1638 2749 1680 2782 in
1709 2758 1755 2783 eo
1783 2747 1979 2782 contentis
2009 2743 2096 2796 (c).

1396 2855 1484 2905 157.
1503 2832 1607 2896 Lex
1637 2860 1741 2891 vetus
1754 2851 1873 2889 aliam
1895 2851 2139 2903 promittebat
2161 2851 2426 2904 persecutorem
2440 2883 2453 2901 ‚

1331 2920 1423 2959 qnae
1454 2907 1515 2947 illi
1545 2906 1744 2946 succedere
1771 2905 1961 2943 debebat.
1992 2906 2039 2944 Et
2069 2907 2228 2958 quidem
2258 2907 2450 2958 apertissi-

1335 2976 1400 2999 ma
1428 2970 1481 2999 est
1508 2961 1577 3000 illa
1605 2959 1806 3013 promissio
1834 2972 1904 3011 per
1924 2958 2102 3013 Moysem
2133 2959 2232 3000 faeta
2252 2959 2447 2998 Deutero-

2305 3028 2396 3051 nom.

1382 3067 1432 3105 (b)
1462 3064 1545 3100 Vid.
1565 3064 1696 3108 Fleury
1711 3062 1832 3096 Traite'
1847 3065 1911 3096 des
1928 3077 2060 3098 moeurs
2078 3065 2140 3098 cles
2156 3065 2340 3098 Israelites
2353 3063 2447 3095 Part.

1338 3112 1401 3145 Vt.
1417 3133 1428 3152 ,
1454 3116 1486 3145 δε
1506 3111 1669 3153 Ρωηςοιίε
1687 3109 1833 3144 Prezwes
1858 3113 1901 3144 de
1927 3113 1962 3144 la
1988 3114 2140 3156 religion
2159 3112 2278 3144 Chret-
2299 3109 2400 3142 Tom.
2421 3111 2448 3142 l·

1340 3159 1378 3191 P.
1408 3170 1438 3191 2.
1464 3159 1520 3192 ch.
1546 3160 1580 3191 3.
1605 3166 1672 3191 art·
1704 3169 1730 3190 ι,

1384 3209 1432 3244 (e)
1463 3205 1669 3240 Omittimus
1694 3201 1758 3236 hoc
1785 3203 1860 3236 loco
1884 3212 2128 3248 argumentum
2154 3201 2239 3235 illud
2280 3203 2446 3235 invic'tum

1339 3250 1478 3284 ductum
1503 3263 1544 3283 ex
1571 3248 1761 3294 prophetiis
1781 3250 1824 3282 V.
1838 3250 1882 3282 Τ.
1903 3251 1936 3282 in
1952 3251 2093 3284 Christo
2111 3246 2309 3293 adimpletis
2323 3270 2335 3288 ‚
2361 3248 2443 3291 quia

1342 3299 1378 3330 in
1406 3299 1474 3330 alio
1500 3300 1646 3330 tractatu
1673 3298 1715 3329 de
1734 3295 1973 3330 Incarnatione
1999 3303 2119 3329 contra
2139 3295 2278 3328 Judaeos
2298 3293 2387 3328 illud
2404 3306 2445 3324 u-

1342 3343 1461 3380 berius
1487 3343 1655 3389 explicari
1682 3343 1794 3385 solet,
1826 3355 1902 3379 nonr
1919 3342 2021 3387 quasi
2045 3341 2194 3383 Setino,
2235 3340 2442 3387 Episcopio,
