2564 3706
753 124 1066 177 APPENDIX
1098 125 1189 170 DE.
1212 124 1290 170 lv.
1324 122 1560 169 EVANG.
1592 124 1766 171 ORIG.

122 208 165 248 in
194 222 232 249 α.
260 209 369 262 epist.
397 206 445 246 ad
474 205 562 245 cor.
590 217 632 244 n.
666 217 727 245 ¹2.
769 207 966 246 Christum
992 208 1228 249 dicit-inter-

124 275 298 315 rogatum
315 291 326 310 ,
367 259 528 312 quando
556 267 762 299 venturum
790 270 894 299 esset
921 274 1100 314 regnum>
1121 262 1229 311 ejus,

127 315 380 368 respondisse:
410 326 503 352 cum
531 312 606 352 duo
634 323 749 351 erunt
777 327 902 352 unum
919 345 932 364 ,
959 316 1009 356 <9-
1038 314 1139 363 quod
1155 311 1227 366 fo-

124 371 208 416 ris,
238 377 277 405 ut
295 367 399 419 quod
429 371 533 405 intus
550 397 560 415 ,
589 367 638 408 <J
659 370 885 405 masculum
913 381 1004 406 cum
1021 367 1229 419 faemina,

123 433 251 472 neque
271 435 385 470 mas,
416 435 542 472 neque
556 419 770 473 foemina.
801 423 901 468 Quae
929 421 1047 459 verba
1067 434 1112 459 ex
1140 434 1230 471 apo-

118 474 270 528 crypho
298 475 510 527 Evangelio
554 475 772 512 secundum
800 475 1019 528 AEgyptios
1054 474 1231 525 deprom-

120 536 188 579 pta
231 542 309 566 esse
337 529 522 568 discimus
558 542 603 565 ex
632 529 826 567 Clemente
854 528 1110 567 Alexandrino
1138 527 1229 565 Lib.

117 580 189 620 III.
219 581 489 620 Str-ommam.
519 581 568 620 Et
599 583 636 620 in
667 583 797 620 eadem
828 581 986 632 epistola
1007 594 1043 618 n.
1070 582 1105 618 5.
1129 581 1229 618 idem

116 633 296 675 Clemens
329 635 488 674 Roman.
518 635 604 674 haec
633 634 775 683 lubet,
819 650 904 687 qnae
935 637 973 672 in
1012 635 1148 672 uostris
1177 632 1229 671 E-

119 688 305 740 vangeliis
334 703 415 728 nou
438 698 625 741 prostant:
668 694 725 727 ait
755 693 861 727 enim
892 688 1123 730 Dominus-‚-
1152 690 1227 723 eri-

115 744 170 778 tis
196 745 310 793 sicuti
351 747 449 794 agni
479 746 520 780 in
550 742 679 781 medlo
720 743 927 792 luporum.
973 738 1228 790 Respondens

116 803 257 836 autem
287 794 427 834 Petrus
468 801 502 833 ei
532 796 654 834 cheir:
698 796 741 833 Sc·
771 810 864 845 ergo
907 795 984 843 Inpc'
1013 807 1141 845 agnos
1170 792 1227 830 ‹lt-

114 848 387 899 scerpserint?
415 848 530 888 Dixit
549 850 661 888 Jesus
681 849 798 886 Petro
816 863 828 886 .·
858 861 909 885 ne
937 851 1110 883 timeant
1129 851 1228 898 agni

117 910 204 953 post
231 912 550 945 mortem‚snam
579 904 688 952 lupos
717 903 802 941 &a
847 901 902 938 Ac
930 899 1087 937 demum
1119 913 1225 937 num.

117 953 159 993 8.
191 957 304 994 refert
332 956 418 995 haec
448 956 564 994 verba
593 955 761 1000 Christi,
805 965 894 1003 quae
925 961 964 988 ut
993 950 1227 1002 conjeEhitur

116 1007 289 1048 Grabius
305 1039 316 1058 ‚
346 1023 390 1047 ex
411 1006 619 1058 Evangelio
646 1005 864 1044 secundnm
884 1002 1103 1056 AEgyptios
1131 1003 1227 1043 liau-

113 1068 169 1100 sta
187 1058 299 1102 sunt:
328 1062 370 1100 δι’
389 1074 552 1112 ραν-ωιτη
573 1072 654 1097 non
673 1062 859 1096 servastis
875 1087 886 1106 ‚
915 1062 1222 1110 (suis-magnum

115 1113 217 1153 robis
245 1114 392 1154 dabit?
419 1114 523 1154 Dico
551 1116 659 1150 enim
689 1111 818 1150 vobis:
848 1114 912 1162 qui
930 1111 1071 1163 fidelis
1102 1116 1225 1150 estin

111 1171 310 1216 minimo,
346 1168 396 1208 (θ’
425 1171 466 1204 in
494 1165 801 1220 majorifidelis
829 1174 888 1202 est
906 1191 916 1202 .
962 1165 1090 1202 Tertio
1117 1166 1159 1203 S.
1191 1167 1225 1203 I-

109 1221 261 1272 gnatius
288 1220 330 1260 in
359 1221 469 1274 epist.
498 1221 545 1259 ad
566 1220 790 1272 Smyrnaeos
812 1234 847 1257 u.
865 1218 902 1257 5.
923 1218 1082 1267 scribit,
1113 1218 1224 1257 Chri-

110 1281 214 1312 stum
242 1275 380 1313 dixisse
408 1273 634 1326 discipulis:
665 1271 947 1323 apprehendite
965 1302 976 1320 ,
1003 1273 1054 1312 (θ’
1082 1273 1224 1323 pulpa-

112 1334 181 1374 te,
209 1327 259 1368 (9⁶
288 1327 437 1376 vitlete,
466 1332 561 1378 qum
589 1340 669 1365 non
697 1340 786 1364 sum
817 1325 1063 1363 doemonium
1092 1329 1222 1363 incor-

112 1393 276 1432 poreum
294 1407 305 1419 .
348 1381 445 1419 Haec
473 1390 628 1429 autem,
656 1379 880 1419 observante
911 1379 951 1417 S.
981 1380 1222 1431 Hieronymo

109 1432 161 1470 de
188 1433 315 1486 Scrip.
336 1433 449 1472 Eccl.
480 1437 521 1471 in
550 1433 722 1472 Paulum
739 1463 751 1483 ,
779 1435 821 1472 in
848 1432 1060 1484 Evangelio
1086 1445 1220 1472 secun-

109 1485 204 1524 dum
234 1487 418 1526 Hebraeos
446 1488 722 1526 inveniuntur.

164 1539 258 1579 513.
287 1540 423 1593 Neque
450 1544 568 1590 vero,
597 1541 701 1580 addit
732 1540 935 1589 Freretus‚
977 1553 1024 1578 ex
1082 1553 1130 1578 uo
1157 1553 1221 1580 ve-

107 1599 204 1631 teres
231 1593 292 1632 illi
321 1593 449 1634 Patres
486 1594 672 1632 nonnulla
693 1623 704 1641 ‚
753 1596 830 1631 imo
872 1594 985 1645 plura
1028 1555 1219 1645 ailegent,

107 1659 198 1699 quae
227 1648 269 1686 in
297 1649 431 1685 nostris
458 1646 682 1699 Evangeliis
710 1646 919 1694 habentur,
962 1645 1141 1698 colligere
1170 1647 1218 1685 li·

106 1708 194 1748 cet,
223 1714 284 1739 eos
313 1701 429 1739 fuisse
457 1700 592 1739 iisdem
614 1701 751 1739 nostris
771 1699 992 1752 Evangeliis
1012 1713 1122 1747 usos3
1152 1713 1218 1751 po·

107 1760 263 1791 tuerunt
290 1756 436 1806 quippe
465 1753 551 1792 haec
582 1755 770 1807 ipsissima
799 1755 1023 1807 depromere
1051 1766 1097 1804 ei}
1126 1754 1213 1792 aliis

103 1803 327 1857 Evangeliis
344 1837 355 1855 ,
383 1821 473 1860 quae
503 1817 567 1844 nos
596 1805 821 1859 apocrypha
848 1816 1097 1858 reputamus.
1134 1806 1217 1844 Imo

103 1859 152 1896 iis
168 1888 180 1907 ,
209 1859 245 1896 δι
266 1873 338 1898 uon
358 1859 495 1899 nostris
524 1874 583 1898 eos
605 1873 687 1899 usos
707 1862 825 1898 fnisse
852 1861 999 1913 aliquot
1014 1891 1026 1910 ,
1064 1873 1110 1898 ex
1137 1873 1216 1913 quo

104 1912 294 1951 nonnulla
321 1913 560 1961 addiderint,
590 1928 679 1966 quae
702 1915 742 1952 in
771 1915 904 1952 nostris
924 1915 1214 1952 desiderantur.

162 1965 255 2010 514.
285 1965 397 2018 Resp.
427 1966 655 2004 Nullatenus
683 1979 728 2004 ex
749 1966 877 2004 allatis
905 1967 1094 2017 exemplis
1121 1978 1214 2004 con-

102 2016 210 2056 cludi
238 2031 346 2070 posse
391 2028 532 2057 veteres
561 2017 686 2057 Patres
725 2031 810 2057 usos
852 2019 967 2057 fuisse
994 2017 1215 2070 Evangeliis

102 2071 364 2123 apocryphis.
393 2070 599 2110 Potuerunt
617 2073 720 2111 enim
735 2086 807 2120 ea,
835 2086 924 2124 quae
954 2073 1150 2121 referunt,
1178 2072 1213 2110 8<

101 2137 177 2163 non
218 2124 406 2164 habentur
447 2127 489 2165 in
531 2127 667 2164 nostris
694 2125 935 2177 Evangeliis,
982 2127 1211 2175 traditione,

99 2191 189 2230 quae
220 2187 309 2217 tuuc
338 2193 493 2228 recens,
523 2179 558 2216 δε
586 2180 794 2217 admodum
823 2180 953 2216 vivida
982 2187 1087 2226 erat,
1130 2193 1212 2216 cer-

97 2238 136 2269 to
162 2245 407 2284 cognoscere3
448 2232 775 2285 quemadmodum
804 2231 845 2269 S.
875 2230 1016 2269 Paulus
1054 2234 1095 2270 in
1124 2230 1211 2271 AR,

98 2284 237 2335 Aposc.
255 2284 354 2324 XX.
375 2286 442 2324 55.
471 2285 556 2322 haec
575 2284 718 2323 Christi
746 2284 864 2322 verba
892 2284 1024 2322 affert:
1052 2283 1205 2323 beatius

99 2348 160 2376 est
188 2338 289 2377 dare
316 2351 442 2388 quam
469 2341 672 2388 accipere,
700 2351 788 2390 quae
816 2339 965 2376 nonnisi
985 2352 1031 2377 ex
1050 2340 1210 2391 Aposto-

99 2389 228 2429 lorum
257 2392 456 2430 traditione
482 2401 707 2445 acceperat‚
754 2405 844 2430 cum
886 2391 1029 2431 nullibi
1069 2394 1209 2443 scripta

98 2440 297 2494 legantur.
334 2444 468 2497 Neque
496 2445 647 2483 interest
674 2459 747 2494 ea,
778 2458 880 2499 ηοω
909 2461 931 2484 a
960 2447 1099 2498 primis
1126 2446 1209 2485 illis

98 2494 277 2534 Patribus
317 2497 557 2547 afferuntur,
599 2500 724 2550 reipsa
753 2499 794 2536 in
836 2499 1068 2550 quibusdam
1110 2500 1209 2538 notis

97 2547 319 2600 Evangeliis
346 2549 450 2601 legi3
493 2564 570 2590 non
599 2553 701 2590 enim
737 2551 868 2588 omnia
897 2552 935 2589 in
963 2554 1010 2590 iis
1038 2562 1207 2592 contenta

97 2600 199 2640 falsa
225 2612 313 2641 sunt
329 2632 339 2651 ,
367 2603 432 2640 sed
460 2603 631 2655 plurima
661 2603 722 2642 vel
743 2617 788 2642 ex
808 2605 942 2642 nostris
961 2603 1206 2658 Evangdiis,

96 2654 159 2693 vel
186 2668 234 2693 ex
260 2656 464 2695 hominum
494 2658 695 2696 traditione
722 2659 763 2696 in
792 2659 839 2696 iis
868 2658 975 2695 fuere
1005 2660 1140 2697 inserta
1157 2686 1169 2698 .

153 2707 248 2747 5¹5.
276 2708 461 2749 Praeterea
489 2723 779 2763 nonnumquam
809 2710 935 2750 Sanffi
966 2711 1091 2751 Patres
1120 2726 1204 2751 ver·

96 2759 149 2798 ba
176 2759 472 2815 Evangeliorum
501 2763 744 2817 allegabant,
775 2778 848 2802 non
878 2766 984 2805 κατ-α’
1009 2767 1115 2813 Mile
1143 2766 1205 2804 Iic-

95 2815 302 2865 teraliter,
347 2816 412 2854 sed
440 2819 566 2869 potius
594 2829 783 2871 quantum
812 2819 859 2856 ad
892 2830 1041 2855 sensum
1060 2848 1069 2865 ,
1101 2818 1133 2855 8(
1163 2836 1204 2858 a·

98 2865 288 2918 liquando
315 2883 405 2907 cum
448 2869 593 2921 adjesta
627 2869 851 2924 paraphrasi
883 2872 970 2923 (a).
1014 2871 1203 2924 Exempla

96 2917 286 2962 habemus
313 2923 430 2961 etiam
457 2924 498 2962 in
527 2923 704 2964 Patribus
730 2925 879 2963 Justino
908 2925 1201 2976 posterioribus,

94 2971 148 3011 ἃ.
173 2976 243 3026 qui
285 2983 373 3013 tunc
415 2978 645 3030 scripserunt
669 3009 681 3026 ,
729 2979 882 3032 quando
917 2983 997 3016 sola
1040 2990 1202 3030 quatuor

97 3036 224 3066 nostra
253 3027 463 3080 Evangelia
493 3043 565 3081 pro
605 3033 780 3082 genuinis
824 3032 1089 3071 habebantur.
1135 3033 1200 3072 Sic

95 3079 138 3120 S.
174 3081 340 3125 Jacobus
380 3081 560 3122 Nissenus
605 3085 706 3124 Saec.
737 3085 808 3124 IV.
838 3091 855 3139 <
891 3101 977 3139 pag.
1008 3086 1073 3131 54.
1109 3088 1199 3127 edit.

93 3256 118 3291 Ι
139 3216 199 3293 ι(α)
221 3214 304 3249 vid.
331 3215 524 3251 Menai-dus
561 3216 598 3250 in
625 3227 697 3252 not.
734 3217 780 3252 ad
803 3231 833 3254 c.
862 3222 887 3253 1.
925 3232 1010 3254 vers.
1034 3221 1097 3253 lat.
1136 3228 1201 3255 vet.

115 3272 135 3293 n
152 3271 203 3293 er.

134 3308 191 3359 ι(ἢ)
217 3308 336 3341 Etiam
349 3310 458 3344 Sanet.
479 3309 549 3345 Leo
566 3312 599 3344 in
616 3311 766 3356 Epistol.
785 3323 839 3355 ις).
858 3324 933 3359 cap.
953 3324 981 3347 r.
1006 3313 1079 3348 haec
1097 3313 1202 3347 Chri·

95 3361 141 3386 sti
168 3354 273 3389 verba
300 3358 419 3391 mittat
433 3378 446 3399 ,
480 3369 558 3402 quae
583 3357 687 3394 modo
709 3359 748 3393 in
771 3359 890 3397 Libris
915 3373 1024 3398 sacris
1057 3373 1127 3397 non
1150 3362 1202 3396 le·

2257 128 2334 170 13¹

1298 204 1407 243 Rom.
1433 203 1548 256 1756.
1578 203 1593 252 )
1625 204 1710 243 haec
1739 202 1856 243 verba
1882 202 2024 243 Christi
2066 202 2229 256 allegat:
2265 217 2324 244 voe
2352 204 2397 244 il-

1297 259 1373 308 lis,
1407 262 1471 309 qui
1499 270 1541 296 se
1570 256 1745 308 efficiunt
1774 261 1965 295 miseros:
2007 271 2072 296 vos
2100 267 2237 309 queem
2279 259 2403 298 nolite

1297 326 1360 350 ros
1380 311 1537 361 efficere
1557 313 1724 348 miseros
1738 336 1751 351 ,
1781 309 2031 348 Manifestum
2052 321 2104 350 est
2124 319 2251 358 autem
2267 341 2278 361 ,
2306 324 2400 352 eum

1297 368 1504 418 respexisse
1531 365 1580 403 ad
1609 363 1725 402 verba
1754 361 1896 400 Christi
1926 361 2077 402 March.
2101 362 2169 402 VI.
2206 365 2266 404 16.
2299 364 2400 404 Cum

1290 421 1516 472 jejunatis,
1558 417 1678 456 nolite
1707 415 1832 471 fieri,
1873 418 1987 453 sicuti
2017 415 2235 467 hypocritae
2269 423 2399 458 tristes

1298 474 1386 513 &a
1416 472 1463 512 Et
1491 485 1621 510 rursus
1650 485 1735 524 pag.
1756 468 1823 509 80.
1853 466 1969 507 verba
2010 478 2160 518 parata
2189 481 2281 508 sunt
2299 472 2401 525 fieri

1298 525 1402 564 bona
1421 556 1432 574 ,
1473 528 1523 566 ὠ·
1553 523 1687 563 beatus
1717 527 1790 563 erit
1812 553 1823 573 ‚
1865 534 1934 572 per
1963 522 2077 574 cujus
2107 535 2253 562 manus
2287 539 2401 564 vene-

1297 584 1402 625 rint,·
1447 580 1601 619 mulum
1630 591 1778 630 quoque
1805 584 1996 628 paratum
2025 583 2082 612 est
2100 574 2225 627 fieri;
2265 576 2314 617 ζῇ·
2343 591 2402 616 voe

1298 634 1378 681 illi,
1407 646 1476 682 per
1505 635 1616 681 cnjus
1646 645 1794 681 monus
1823 633 1969 668 venerit
1988 655 1997 667 .
2027 627 2109 667 Ubi
2139 628 2276 667 iterum
2305 630 2402 682 digi-

1295 695 1376 724 tum
1408 682 1565 725 intendit
1594 686 1638 724 ad
1669 684 1766 724 illud
1788 683 1930 722 Christi
1951 682 2138 731 Domini,
2166 695 2225 721 vce
2255 682 2403 721 mundo

1296 753 1325 776 a.
1354 753 1452 777 scau
1471 739 1582 778 hilis.
1613 738 1764 777 slslcztth.
1786 736 1930 777 XVlll.
1961 748 2000 789 7.
2031 734 2113 787 (b).

1352 792 1444 834 διδ.
1474 793 1645 843 Demurn
1672 793 1751 838 etsi⁴
1769 793 1975 839 daremus,
2002 788 2135 842 aliqua
2162 788 2410 842 Evangelia,

1296 854 1360 884 aut
1390 848 1528 899 scripta
1558 849 1782 902 apocrypha
1810 849 1926 886 fuisse
1954 862 1978 887 a
2006 841 2202 886 nonnullis
2222 843 2397 883 Patribus

1298 900 1515 938 innocenter
1543 902 1707 954 deceptis
1737 900 1859 950 ledia,
1890 900 1925 938 δι
1954 913 2023 954 pro
2052 899 2278 939 authenticis
2305 897 2400 939 alle--

1293 961 1406 1003 gata,
1449 952 1542 990 nihil
1576 963 1701 992 tamen
1730 955 1818 993 inde
1846 955 1996 994 veritati
2033 962 2244 992 nostrorum
2271 953 2400 994 Evan-

1293 1006 1480 1056 geliorum
1503 1007 1744 1054 demeretur3
1772 1007 2106 1060 quandoquidem,
2127 1016 2166 1044 ut
2187 1021 2301 1060 supra
2317 1020 2401 1047 mo·

1288 1060 1449 1096 fluimus
1477 1073 1586 1096 num.
1610 1060 1701 1098 διο.
1722 1070 1846 1098 nostra
1865 1059 2079 1111 Evangelia
2107 1060 2324 1099 authentica
2343 1075 2399 1100 es-

1293 1126 1330 1149 se
1359 1112 1526 1150 dicimus
1555 1126 1599 1149 ex
1620 1125 1664 1150 eo
1680 1142 1690 1161 ‚
1718 1113 1822 1164 quod
1849 1125 1924 1149 non
1944 1112 1985 1149 in
2006 1126 2082 1150 una
2100 1143 2110 1160 ,
2140 1112 2304 1152 alterave
2324 1113 2399 1152 Ec-

1295 1163 1438 1213 clesia,
1475 1165 1540 1203 sed
1568 1168 1609 1204 in
1639 1165 1844 1212 omnibns,
1886 1172 1950 1209 aut
1978 1164 2113 1202 saltem
2142 1165 2183 1204 in
2213 1166 2400 1218 Apostoli-

1293 1219 1375 1266 cis,
1405 1218 1568 1272 aliisque
1598 1218 1869 1270 insignioribus
1897 1216 2057 1269 publice
2079 1226 2228 1269 recepta
2256 1228 2399 1258 essent.

1294 1271 1404 1318 Quod
1433 1273 1479 1310 de
1508 1272 1593 1311 aliis
1623 1271 1856 1324 apocryphis
1884 1271 1963 1308 dici
1993 1283 2065 1309 non
2095 1278 2237 1322 potest.

1346 1324 1439 1376 517.
1468 1325 1725 1378 Quanquam,
1767 1326 1798 1362 si
1826 1337 1909 1362 rem
1943 1323 2039 1361 bene
2083 1324 2367 1376 perpendamus
2386 1355 2399 1376 ,

1275 1376 1519 1430 *plerumque
1549 1377 1676 1416 Sanffi
1707 1377 1832 1416 Patres
1860 1376 2081 1428 Evangeliis
2123 1377 2202 1417 illis
2236 1393 2399 1433 apocry-

1289 1430 1376 1483 phis
1397 1433 1455 1469 usi
1475 1441 1585 1480 sunt,
1615 1446 1691 1471 non
1721 1432 1832 1485 quasi
1860 1445 1903 1468 ea
1935 1443 2005 1482 pro
2032 1431 2236 1481 genuinis,
2266 1431 2300 1468 ἃ
2325 1434 2398 1472 Ca·

1288 1486 1436 1523 nonicis
1466 1495 1762 1531 venerarentur5
1789 1483 1851 1522 sed
1881 1485 1972 1536 quia
1994 1485 2161 1534 antiqua:
2184 1485 2398 1525 traditionis

1290 1539 1550 1576 testimonium
1574 1539 1728 1576 reddere
1748 1545 1941 1591 poterant.
1971 1536 2035 1575 Sic
2056 1536 2239 1588 Origenes
2263 1537 2397 1578 Tra&-

1288 1590 1392 1629 Vm.
1416 1593 1455 1630 in
1477 1591 1616 1630 Matth.
1634 1591 1831 1642 Scriptum
1852 1599 1910 1629 est
1927 1620 1938 1638 ,
1967 1590 2120 1642 inquit,
2150 1593 2192 1627 in
2207 1589 2397 1645 Evange-

1286 1645 1338 1682 lio
1357 1645 1530 1696 quodam
1549 1676 1559 1694 ,
1590 1646 1690 1697 quoti
1711 1645 1852 1683 dicitur
1871 1642 2088 1682 secundum
2106 1641 2296 1683 Hebrceos
2326 1650 2340 1698 (
2361 1650 2396 1685 si

1285 1706 1428 1736 tamen
1456 1700 1587 1749 placet
1617 1700 1738 1737 alicui
1765 1701 1964 1749 suscipere
1992 1695 2107 1745 illud,
2137 1710 2217 1735 non
2236 1698 2292 1736 acl
2319 1713 2394 1738 au-

1286 1750 1534 1802 Horitatem,
1573 1752 1642 1790 sed
1671 1752 1726 1790 ad
1768 1750 2144 1803 manifestationem
2184 1757 2395 1804 proposi-‘ce

1286 1809 1516 1856 quaestionis
1546 1807 1560 1854 )
1592 1806 1663 1843 ἃς.
1694 1806 1817 1857 Atque
1859 1805 1930 1842 hoc
1975 1817 2087 1842 sensu
2130 1803 2172 1842 S.
2201 1805 2395 1859 Hierony-

1284 1873 1371 1897 mus
1398 1874 1500 1912 saepe
1528 1859 1785 1910 Evangelium
1814 1855 2034 1895 secundnm
2063 1854 2256 1896 Hebraeos
2296 1858 2392 1897 alle-

1282 1913 1388 1962 gavit
1405 1942 1416 1959 ,
1444 1913 1546 1964 quod
1575 1914 1693 1951 etiam
1720 1924 1766 1950 ex
1785 1909 1968 1950 hebraico
1995 1912 2036 1950 in
2067 1909 2232 1950 latinum
2252 1925 2392 1951 sermo-

1282 1977 1373 2003 nem
1403 1975 1542 2004 vertit.

1337 2018 1431 2057 518.
1460 2018 1603 2058 Dices.
1644 2017 1833 2059 Mirabile
1861 2028 1987 2058 tamen
2030 2025 2084 2056 est
2110 2018 2214 2070 apud
2255 2018 2391 2060 lauda-

1281 2079 1334 2110 tos
1362 2082 1504 2111 veteres
1524 2071 1652 2112 Patres
1673 2103 1685 2122 ,
1713 2073 1928 2111 Barnabam
1946 2101 1958 2119 ,
1985 2070 2251 2125 Clementem,
2280 2074 2390 2124 Igna-

1278 2125 1377 2163 tium
1395 2155 1406 2173 ,
1437 2124 1697 2179 Polycarpum
1713 2126 1782 2164 διο.
1810 2138 2010 2176 nunquam
2039 2136 2238 2162 occurrere
2264 2128 2390 2165 nomi-

1279 2191 1329 2216 na
1358 2177 1564 2227 Matthaei,
1595 2179 1746 2227 Marci,
1775 2178 1892 2217 Lucas
1912 2207 1922 2225 ‚
1951 2176 2129 2231 {oannisz
2160 2191 2247 2229 quae
2287 2187 2387 2217 certe

1280 2243 1353 2268 non
1380 2233 1617 2280 omisissent,
1646 2233 1676 2270 si
1705 2245 1839 2270 eorum
1868 2229 2089 2282 Evangeliis
2118 2230 2274 2269 fuissent
2304 2233 2386 2271 usi:

1279 2282 1366 2321 haec
1394 2286 1499 2324 enim
1519 2286 1672 2324 nomina
1691 2283 1882 2336 majorem
1901 2283 1992 2336 ipsis
2011 2281 2273 2323 auctoritatem
2294 2298 2384 2326 con-

1277 2337 1472 2377 ciliassent
1488 2365 1499 2377 .

1334 2390 1427 2443 3¹9·
1458 2391 1570 2444 Resp.
1599 2392 1729 2431 Primo
1756 2392 1796 2430 in
1825 2402 1930 2429 more
1959 2391 2061 2443 apud
2081 2389 2236 2429 Sanaos
2255 2390 2383 2432 Patres

1276 2446 1442 2496 positum
1460 2447 1574 2485 fuisse
1591 2477 1602 2495 ,
1635 2456 1671 2484 ut
1686 2445 1903 2498 Scripturas
1931 2445 2009 2483 sive
2031 2445 2185 2493 veteris,
2212 2447 2290 2484 sive
2319 2460 2383 2484 no-

1276 2499 1314 2535 vi
1344 2501 1554 2538 testamenti
1583 2502 1731 2553 saepiuffi
1764 2498 1971 2551 allegarent
2014 2498 2094 2536 sine
2137 2501 2286 2536 nomine
2314 2514 2382 2539 au-

1276 2549 1450 2602 storum,
1480 2554 1583 2606 quod
1613 2553 1774 2593 infinitis
1804 2565 1900 2606 pene
1929 2565 2061 2590 eorum
2082 2553 2301 2591 testimoniis
2324 2555 2380 2594 fa·

1273 2604 1348 2643 cile
1376 2615 1470 2645 esset
1499 2608 1691 2645 ostendere
1709 2634 1719 2645 .
2376 2616 2378 2618 ·

1328 2659 1421 2698 520.
1451 2659 1602 2699 Deinde
1633 2675 1769 2713 parum
1788 2691 1799 2709 ,
1841 2668 1905 2699 aut
1933 2673 2087 2712 prorsus
2128 2659 2226 2698 nihil
2269 2661 2380 2700 nobis

1272 2711 1375 2751 obest
1391 2743 1402 2761 ,
1432 2728 1454 2751 a
1473 2713 1647 2752 Patribus
1670 2715 1747 2752 illis
1766 2715 1902 2767 primis
1923 2713 2148 2766 Apostolicis
2168 2727 2241 2752 non
2262 2715 2377 2753 fuisse

1272 2768 1429 2805 nomina
1449 2766 1780 2818 Evangelistarnm
1810 2781 1985 2818 expressa
2002 2797 2012 2815 ,
2042 2781 2132 2806 cum
2160 2777 2304 2806 certum
2330 2769 2378 2806 sit

1272 2818 1322 2856 ab
1344 2821 1477 2857 iisdem
1507 2820 1622 2858 fuisse
1651 2835 1782 2858 cortun
1803 2820 2014 2871 Evangelia
2030 2819 2151 2869 lesta,
2181 2821 2215 2857 81:
2239 2823 2379 2874 saepius

1270 2871 1459 2924 allegata,
1489 2882 1672 2926 tanquam
1705 2875 1865 2911 verbum
1894 2874 2099 2912 divinum.
2145 2874 2194 2912 Et
2220 2876 2381 2928 quidem

1270 2934 1431 2977 utraque
1460 2927 1620 2979 epistola
1647 2927 1689 2965 S.
1716 2927 1923 2966 Clementis
1951 2928 2000 2965 ad
2027 2927 2238 2966 Corinthios
2266 2927 2376 2981 plena

1268 2989 1321 3015 est
1340 2981 1564 3018 testimoniis
1579 2983 1696 3019 trium
1715 2979 2019 3032 Evangeliorum
2035 2980 2236 3030 Matthaei,
2266 2981 2372 3021 Mar-

1268 3033 1332 3080 ci,
1371 3031 1405 3068 ‹St
1432 3033 1576 3072 Lucre:
1618 3048 1709 3073 nam
1739 3033 1995 3086 Evangelium
2024 3034 2066 3073 S.
2094 3034 2250 3074 Joannis
2286 3048 2372 3073 non-

1267 3087 1361 3123 dum
1389 3088 1429 3125 in
1457 3087 1586 3126 lucem
1626 3088 1848 3144 prodierat3
1890 3087 2005 3140 plena
2033 3096 2087 3128 est
2129 3089 2246 3128 etiam
2274 3088 2371 3127 testi-

2238 3154 2317 3180 mo-

1270 3226 1420 3264 guntur:
1449 3233 1505 3255 vos
1529 3227 1638 3255 autem
1664 3223 1815 3265 quar-itis
1839 3222 1884 3255 de
1907 3221 2036 3265 pusillo
2061 3231 2217 3254 crescere
2232 3237 2243 3256 ‚
2267 3218 2308 3248 &⁴
2325 3216 2371 3268 “ic

1269 3268 1398 3314 majore
1423 3271 1570 3301 minores
1599 3280 1676 3300 esse
1692 3290 1700 3299 .
1727 3265 1794 3301 Sed
1818 3268 2085 3302 observantibus
2109 3264 2304 3299 Ballerinns
2329 3273 2371 3295 tu

1269 3323 1351 3346 nota
1382 3326 1435 3347 ιο.
1459 3327 1499 3348 ea
1523 3314 1606 3347 olim
1631 3314 1838 3358 legebantur
1863 3315 1898 3348 in
1924 3314 2115 3359 Evangelio
2139 3311 2248 3345 Sana.
2273 3308 2375 3344 Mat--

1271 3360 1354 3396 thaei
1380 3373 1456 3408 cap.
1482 3361 1567 3398 XX.
1591 3370 1671 3408 post
1694 3372 1784 3398 vers.
1813 3361 1868 3398 18.
