2564 3706
811 101 1198 149 REFELLITUR
1231 103 1339 148 VIA
1374 102 1717 148 EXAMINIS.

109 199 156 226 ne
182 186 281 226 ratio
309 187 391 238 ipsa
419 181 539 223 dietat
560 214 570 232 ,
608 181 732 224 multo
760 188 881 237 magis
911 201 988 225 esse
1017 201 1039 224 a
1068 190 1219 238 pericu—

112 241 151 278 lo
165 239 431 293 fanaticismi
461 248 620 277 remotos
642 269 652 287 ,
690 239 757 291 qui
787 239 965 291 pluribus
986 269 996 288 ,
1026 239 1219 293 defiisqne

109 293 327 331 Pastoribus
355 306 432 330 una
452 292 567 330 simul
588 306 668 331 rem
689 293 976 344 diligentissime
996 295 1220 331 examinan-

106 346 208 385 tibus
235 346 396 384 credunt
413 375 424 393 ,
454 360 572 398 quam
602 348 670 397 qui
700 348 812 384 unice
833 349 909 385 suis
931 346 1138 386 fallacibus
1158 348 1217 384 in-

135 398 379 437 uisitionibus
421 398 573 437 fidunt?
616 399 663 438 Et
693 401 853 438 ubinam
896 403 1059 451 integras
1102 399 1218 439 sestas

101 412 413 502 attacherorum
434 483 445 502 ,
475 452 837 505 Anabnptistarum
854 485 864 503 ,
895 453 1183 492 Davitlicorum
1206 484 1216 502 ,

101 503 424 557 Inspiratorum,
469 521 534 545 seu
564 506 955 558 IVeo-prop71elttrunz
989 506 1217 545 Cebennen-

103 563 210 597 sium
233 590 244 609 ,
287 560 532 614 aliorumque
561 561 748 600 similium
777 564 882 600 nasci
905 592 915 609 ,
945 561 980 597 &
1010 562 1216 613 propagari

103 613 300 663 vidimus,
336 615 411 652 nisi
438 615 543 666 apud
573 628 659 663 eos,
701 617 769 668 qui
800 617 999 668 repudiato
1029 616 1218 652 tutissimo

102 665 289 706 Ecclesiae
332 666 480 719 judicio
521 669 612 707 fidei
643 679 776 708 nostrae
816 670 942 721 capita
972 670 1012 707 in
1054 681 1216 705 examen

104 732 241 759 vocare
270 721 630 773 praesumpserunt?
663 723 725 773 (a)
745 750 754 760 .

160 773 225 811 58.
255 774 509 814 Infallibilem
541 789 680 828 porro,
729 790 846 829 quain
875 788 944 812 nos
984 786 1215 812 veneramur

103 825 291 875 Ecclesiae
321 828 611 878 anctoritatem,
652 843 729 868 non
759 843 835 866 esse
879 829 1104 878 ignorantiae
1137 827 1217 864 fon-

95 887 180 919 tem
199 911 210 930 ,
253 891 316 920 aut
345 882 499 936 asylum
517 913 530 932 ,
572 893 611 920 ut
641 879 848 920 adversarii
879 893 1082 931 perperam
1112 879 1213 929 obji-

99 934 232 984 ciunt,
275 937 362 974 satis
403 937 658 974 demonstrant
686 943 763 981 tot,
811 946 899 984 quae
938 932 1018 983 jam
1064 933 1215 984 prodie-

98 997 214 1037 runt,
257 988 291 1026 8t
320 989 490 1042 quotidie
527 988 715 1040 prodeunt
743 984 1030 1024 catholicorum
1074 987 1216 1037 scripta

99 1040 285 1080 do&ri11ae
303 1073 314 1091 ,
344 1042 378 1078 &
407 1042 629 1079 eruditionis
655 1040 768 1091 plena
793 1051 804 1084 3
833 1038 935 1091 quod
973 1038 1026 1076 ab
1054 1038 1215 1075 Hetero-

99 1094 286 1134 doxorum
316 1097 495 1148 aequitate
525 1095 685 1132 minime
715 1101 890 1144 negatum
912 1093 959 1129 iri
991 1101 1185 1144 speramns
1203 1118 1215 1131 .

97 1147 198 1186 Nam
227 1150 356 1199 primo
384 1148 618 1186 vastissimus
638 1155 691 1185 est
721 1160 850 1184 rerum
871 1145 922 1183 ab
942 1145 1118 1184 Ecclesia
1139 1147 1213 1185 mi-

94 1199 203 1238 nime
229 1200 479 1240 definitarum
509 1214 690 1254 campus,
721 1201 759 1238 in
788 1212 866 1251 quo
894 1199 1133 1237 eruditorum
1155 1201 1214 1237 in-

97 1255 252 1305 genium
281 1253 482 1293 liberrime
525 1256 681 1306 spatiari
713 1262 860 1306 potest.
896 1253 1048 1290 Deinde
1078 1252 1214 1291 Eccle-

96 1307 153 1344 sia
181 1321 256 1345 non
284 1308 463 1361 probibet
505 1309 599 1348 viris
627 1307 774 1356 doffls,
821 1305 884 1344 vel
913 1307 960 1344 de
1001 1308 1094 1359 ipsis
1123 1307 1214 1359 dog-

95 1360 265 1399 matibus
292 1362 501 1414 prudenter
543 1362 762 1414 disputare3
805 1361 858 1398 ita
900 1368 1027 1399 tamen
1058 1369 1098 1398 ut
1122 1374 1214 1414 pro-

96 1414 230 1465 prium
277 1414 469 1467 judicium
515 1414 688 1466 ejusdem
731 1414 1021 1454 definitionibus
1069 1414 1215 1454 doctles

96 1467 311 1517 subjiciant
341 1472 382 1506 in
412 1469 639 1524 obsequium
657 1467 765 1522 fidei
783 1495 793 1506 .

152 1520 219 1573 59.
249 1521 393 1574 injusta
422 1523 580 1561 demum
609 1532 662 1561 est
690 1522 952 1575 tyrannidis,
981 1530 1046 1561 aut
1075 1521 1213 1560 intole-

95 1579 247 1612 rantiae
276 1577 546 1628 querimonia.
589 1577 929 1624 Quemadmodum
971 1578 1077 1615 euim
1107 1575 1213 1623 Reli<

94 1628 157 1679 gio
187 1627 314 1668 sanita
342 1631 486 1681 exigit,
530 1638 570 1667 ut
598 1638 769 1667 nostruin
813 1628 1049 1667 intellectum
1080 1631 1118 1668 in
1148 1643 1212 1668 ca-

92 1683 309 1732 ptivitatem
339 1683 586 1734 redigamus,
623 1684 940 1735 quotiescumque
969 1681 1119 1736 aliquid
1153 1684 1212 1721 in-

92 1736 270 1774 venimus
299 1750 321 1773 a
349 1736 434 1774 Deo
463 1735 696 1785 revelatum,
740 1738 837 1789 quin
865 1745 992 1774 tamen
1036 1751 1122 1775 eam
1151 1746 1212 1790 ty-

88 1789 263 1826 :cannidis
291 1803 542 1838 accusemus,
585 1791 638 1828 ita
666 1803 736 1828 nec
779 1790 999 1843 tyrannidis
1038 1792 1212 1829 accusati

90 1850 207 1892 potest
235 1841 439 1891 Ecclesia,
467 1843 562 1881 dum
591 1842 684 1881 filiis
713 1845 791 1882 suis
819 1858 864 1882 ea
893 1843 1048 1882 credere
1074 1843 1208 1896 jubet,

87 1907 178 1945 quae
207 1909 229 1933 a
257 1895 405 1948 Spiritu
434 1896 570 1935 Sancto
599 1896 730 1936 edocta
773 1898 962 1936 divinitus
990 1911 1068 1935 esse
1099 1912 1210 1936 reve-

89 1944 168 1989 lata
195 1958 324 1995 certo,
354 1949 669 1987 &infallibiliter
699 1952 917 2001 cognoscit.
948 1950 1063 1998 Quod
1086 1952 1117 1988 si
1139 1965 1208 1988 au-

91 1997 260 2044 &oritate
287 2001 363 2040 sibi
392 2017 414 2040 a
445 2001 528 2039 Deo
556 2015 731 2041 concessa
760 2003 800 2039 in
845 2002 948 2040 filios
983 2003 1207 2042 inobedien-

89 2060 170 2104 tes,
218 2068 262 2094 ac
291 2054 453 2095 rebelles
480 2057 611 2109 poenis
639 2055 878 2096 salutaribus
903 2056 1136 2110 quandoque
1165 2073 1206 2097 a·

99 2251 105 2257 .
134 2226 187 2264 (a)
210 2223 313 2258 Nihil
348 2224 569 2270 frequentius
596 2226 632 2259 in
670 2236 728 2257 ore
753 2223 1055 2264 Protestantium‚
1097 2235 1206 2269 quam

80 2267 309 2317 fanaticis-mi
333 2274 435 2315 plena
469 2269 585 2305 οηιηιίιΔ
617 2285 695 2304 esse
721 2275 758 2304 in
794 2278 987 2316 systemate
1015 2271 1204 2304 Romanen-

88 2320 202 2358 ιίιιηι,
229 2327 268 2352 ut
292 2318 341 2351 ait
367 2319 420 2350 Jo.
451 2318 544 2351 Frid.
571 2320 674 2352 Cotta
701 2318 736 2350 in
764 2318 936 2361 supplem.
963 2315 1006 2349 ad
1028 2318 1106 2351 Lib.
1122 2318 1202 2351 ΧΗ.

83 2361 171 2396 Loc-
196 2363 318 2398 Theol.
342 2365 469 2398 Joann.
496 2363 672 2398 Ger-hardi
699 2367 731 2407 ᾗ.
760 2366 842 2404 30.;,
869 2361 928 2396 sed
954 2364 984 2396 si
1009 2363 1203 2397 adversarii

86 2419 163 2441 rem
187 2409 279 2442 hanc
303 2420 428 2454 pacato
451 2413 569 2446 animo
594 2412 766 2456 tantisper
803 2408 1023 2444 considerare
1060 2411 1170 2445 velint
1191 2433 1205 2451 ,

85 2452 191 2487 facile
216 2454 386 2490 videbunt
410 2459 548 2492 nullam
572 2457 746 2502 majorem
771 2469 844 2490 esse
871 2457 1090 2497 l'alsitatem3
1122 2470 1205 2491 cuin.

88 2500 187 2534 nobis
214 2501 406 2536 Catholicis
432 2516 502 2537 non
525 2506 629 2538 liceat
656 2505 814 2548 privatas
851 2512 994 2537 nostras
1021 2505 1202 2549 opiniones

85 2546 124 2579 in
151 2547 257 2581 rebus
284 2547 362 2581 fidei
389 2551 514 2594 sequi,
556 2550 616 2584 sed
640 2562 760 2583 omnes
797 2557 981 2582 teneamur
1006 2551 1206 2584 Ecclesiam

85 2596 240 2630 sanctam
259 2593 380 2628 audire
397 2618 405 2627 .
431 2596 553 2630 Surdis
572 2605 691 2631 autem
709 2595 853 2629 auribus
873 2595 1115 2640 praetereunda
1135 2609 1205 2630 non

86 2648 140 2678 est
167 2641 228 2674 illa
250 2640 408 2685 ejusdem
435 2643 574 2684 Cottae,
602 2644 823 2688 aliorumque
849 2643 880 2674 ei
907 2642 1079 2677 similium
1105 2644 1204 2677 calu-

86 2686 184 2720 mnia
208 2688 311 2732 plane
338 2689 569 2728 intolerabilis
586 2711 598 2730 ,
623 2690 758 2722 scilicet
783 2703 804 2722 a
830 2690 1085 2722 cordatioribus
1115 2689 1205 2723 Pon·

88 2732 279 2775 tifict'ornm
304 2747 368 2768 non
394 2737 639 2779 dissimulari,
677 2735 856 2769 Detsnmm
879 2740 1009 2779 primos
1036 2750 1115 2769 suos
1140 2750 1206 2770 na-

85 2781 178 2813 tales
202 2779 375 2816 Ecclesia
400 2782 553 2816 Romana
577 2783 727 2817 debere.
753 2783 840 2826 Quis
855 2782 1121 2817 catholicorum
1137 2782 1205 2817 lioc.

88 2837 252 2871 unquam
273 2828 389 2869 dixit,
415 2838 474 2863 aut
499 2829 617 2864 dicere
641 2830 786 2876 potuit?
816 2830 951 2870 Primi,
975 2832 1006 2862 ἃ
1032 2830 1202 2863 celebrio-

87 2882 144 2910 tes
169 2872 277 2919 hujus
301 2875 496 2920 impietatis
519 2877 710 2922 coripliaei,
737 2879 770 2910 ὅ(
794 2885 1043 2921 propagatores
1060 2898 1070 2915 ,
1104 2876 1204 2910 Hoh-

86 2917 206 2957 besius
222 2942 234 2961 ,
256 2921 406 2965 Spinoza
421 2943 433 2962 ,
459 2922 640 2958 'rolandus
653 2945 666 2965 ,
691 2923 932 2958 Voolzthonus
945 2945 957 2964 ‚
982 2923 1173 2956 Collinsius
1188 2945 1206 2965 ,

83 2965 215 2999 Paelius
230 2988 242 3008 ,
270 2968 503 3002 Ronsseavius
528 2979 674 3004 erantne
698 2972 736 3004 in
754 2970 914 3004 Ecclesia
931 2968 1113 3003 Catliolica
1138 2981 1202 3003 na-

86 3011 142 3053 ti,
175 3016 209 3045 δι
232 3011 398 3048 educati?
440 3016 539 3049 Anne
565 3017 727 3051 Deismus
753 3018 873 3056 minus
898 3017 1006 3062 serpit
1033 3017 1072 3048 in
1094 3017 1203 3050 Com-

83 3059 314 3096 munionihus
335 3061 610 3096 protestantium
635 3065 836 3107 praesertim
860 3064 895 3096 in
916 3064 1063 3108 Anglia,
1091 3074 1205 3108 quam

88 3104 128 3137 in
151 3106 406 3141 Comtminione
433 3109 614 3142 Romana?
638 3110 720 3154 Ego
738 3123 824 3144 vero
852 3116 863 3149 (
882 3122 965 3155 pace
984 3108 1205 3143 adversario-

86 3160 170 3189 xum
195 3151 349 3188 dixerim
368 3161 379 3193 )
409 3156 526 3200 potius
553 3167 700 3199 censeo,
725 3157 898 3191 examin-is
918 3157 1077 3191 libertate
1098 3169 1116 3189 a
1133 3157 1208 3189 Lu·

92 3195 220 3240 thero,
245 3201 415 3243 Calvino,
442 3202 588 3246 aliisque
613 3201 1049 3247 pseudo-reformatoribus
1064 3215 1208 3237 conces-

89 3255 155 3284 sa,
196 3247 325 3281 ostium
352 3249 503 3283 immane
528 3250 635 3283 fuisse
661 3248 743 3283 huic
768 3249 950 3284 hominum
988 3251 1075 3294 pesti
1103 3262 1204 3295 aper-

88 3297 194 3332 tumj,
220 3300 304 3328 tnnc
330 3296 424 3329 enim
449 3295 640 3330 discessum
665 3304 717 3329 est
744 3308 763 3329 a
786 3298 954 3342 primaeva
975 3296 1204 3341 simplicitate

2261 108 2346 160 157

1287 183 1527 222 nimadvertit
1545 213 1555 230 ‚
1586 184 1622 220 id
1646 184 1763 231 facit,
1793 192 1836 222 ut
1865 186 2023 236 spiritus
2051 184 2184 224 salvus
2204 188 2253 223 sit
2274 189 2315 223 ἱη
2335 184 2403 224 die*

1286 237 1453 276 Domini
1481 240 1606 275 nostri
1633 236 1726 275 Iesu
1759 236 1928 276 Christi.
1959 240 1992 278 Ι.
2019 238 2194 278 Corinth.
2215 239 2268 278 V.
2291 240 2331 278 5.

1641 342 1926 381 CAPUT
1999 344 2050 382 11.

1289 451 1549 500 ostenditur,
1589 462 1802 501 perperam
1830 447 2111 488 Hetermtoxos
2140 452 2196 489 assi
2226 452 2400 503 Scriptu-

1339 520 1399 542 roe
1427 519 1560 543 slzcroe
1588 508 1911 556 perspicuitatem
1940 502 2159 556 conjugere
2178 535 2188 552 ,
2227 516 2266 544 ut
2297 509 2404 546 viam

1339 561 1528 598 examinis
1557 558 1739 596 omnibus
1766 557 1990 610 possibilem
2022 557 2221 596 reddant·

1341 666 1406 712 40.
1428 644 1499 711 Et
1522 667 1671 719 primo,
1699 667 1848 705 etiamsi
1870 664 2082 704 liberaliter
2102 664 2307 703 concedere
2324 665 2404 704 vel-

1287 718 1437 768 lemus,
1481 721 1583 773 quod
1614 720 1821 758 adversarii
1852 719 2109 768 contendunt,
2152 732 2283 757 omnes
2312 720 2404 757 arti-

1285 774 1392 810 culos
1423 775 1540 822 fidoi,
1572 773 1604 809 St
1634 786 1788 811 morum
1817 774 1864 811 ad
1895 773 2057 812 salutem
2085 774 2340 821 necessarios,
2370 774 2403 810 i-

1286 833 1323 861 ta
1353 829 1551 878 perspicue
1582 828 1619 864 in
1647 828 1763 865 sacris
1793 827 1929 866 litteris
1959 828 2174 875 contineri,
2204 836 2245 865 ut
2260 840 2403 875 nemo,

1285 880 1352 930 qui
1384 879 1469 918 illas
1499 880 1724 931 diligenter,
1767 889 1881 934 atque
1919 890 2053 920 attente
2082 880 2208 933 legat,
2251 880 2402 918 eosdem

1284 932 1461 982 ignorare
1490 943 1638 985 queat,
1682 934 1816 971 multae
1848 945 1975 974 tamen
2007 933 2132 973 adhuc
2169 943 2404 986 superessent

1286 984 1530 1023 difficultates
1557 986 1716 1024 rudibus
1746 987 1862 1039 plane
1893 987 2174 1040 insuperabiles
2202 988 2248 1025 de
2267 986 2401 1026 Cano-

1285 1051 1336 1076 ne
1366 1038 1557 1077 librorum
1586 1053 1782 1078 sacrorum
1800 1071 1810 1089 ,
1855 1042 1901 1079 de
1929 1041 2115 1079 fidelitate
2157 1043 2400 1089 versionum,

1282 1091 1329 1130 de
1351 1093 1598 1131 varietatibus
1627 1093 1807 1130 codicum
1823 1123 1833 1141 ,
1864 1102 1978 1146 atque
1997 1095 2209 1132 editionum
2226 1125 2237 1143 ,
2266 1096 2313 1133 de
2334 1109 2400 1146 ap-

1282 1146 1508 1198 parentibus
1537 1145 1756 1195 antilogiis,
1785 1160 1830 1183 ac
1860 1149 2102 1198 potissimum
2131 1161 2311 1199 quaenarn
2329 1149 2404 1185 sint

1282 1200 1366 1237 loca
1406 1199 1596 1248 clariora,
1646 1198 1681 1235 δι
1709 1212 1895 1251 quaenam
1937 1199 2186 1248 obscuriora,
2229 1208 2267 1237 ut
2306 1199 2408 1237 reste

1283 1252 1483 1291 conciliari
1515 1254 1682 1305 possint.
1729 1253 1825 1291 Haec
1855 1262 2013 1302 autern,
2060 1261 2174 1307 atque
2204 1253 2245 1291 id
2283 1267 2404 1305 genus

1284 1306 1397 1358 plura
1427 1306 1602 1345 homines
1629 1319 1706 1344 non
1737 1305 1866 1344 solum
1893 1308 2003 1345 rudes
2022 1337 2035 1355 ,
2081 1308 2146 1345 sed
2187 1307 2306 1345 etiam
2334 1307 2402 1344 do-

1285 1358 1381 1409 stos,
1411 1362 1442 1399 si
1471 1361 1676 1413 prudentes
1705 1368 1814 1408 sunt,
1857 1361 2046 1413 ancipites
2075 1361 2200 1399 facere
2229 1361 2369 1399 debent
2389 1391 2405 1410 ‚

1284 1428 1329 1452 ac
1357 1415 1548 1467 trepidos,
1591 1427 1638 1452 ne
1667 1414 1708 1451 in
1746 1413 1864 1452 rebus
1891 1415 2053 1453 maximi
2097 1416 2281 1452 momenti
2309 1428 2402 1453 cum

1282 1477 1424 1505 aeterno
1452 1482 1531 1505 suae
1561 1467 1696 1505 salutis
1720 1467 1921 1519 dispendio
1950 1482 1971 1506 a
2000 1469 2160 1506 veritate
2201 1468 2403 1507 aberrent:

1281 1535 1405 1574 neque
1435 1521 1519 1560 liaec
1550 1520 1649 1573 justa
1671 1522 1844 1558 anxietas
1860 1521 1938 1559 alio
1966 1521 2080 1559 modo
2108 1519 2194 1560 tolli
2214 1535 2320 1574 posse
2341 1522 2401 1560 vi-

1283 1575 1422 1624 detur,
1450 1590 1568 1627 quam
1600 1573 1803 1612 infallibili
1837 1575 2023 1613 Ecclesia:
2054 1573 2276 1614 auctoritate
2307 1574 2366 1625 (b)
2385 1601 2397 1612 .

1335 1628 1402 1674 41.
1432 1628 1508 1667 Sed
1536 1638 1720 1682 praeterea
1748 1627 1792 1666 S.
1819 1627 2063 1680 Scripturain
2099 1642 2175 1667 non
2204 1642 2282 1667 esse
2312 1629 2403 1667 ubi-

1281 1696 1357 1734 que
1378 1713 1389 1731 ,
1433 1681 1469 1719 St
1496 1685 1535 1721 in
1563 1682 1744 1720 omnibus
1781 1683 1955 1721 articulis
1983 1696 2032 1722 ex
2060 1696 2101 1720 se
2140 1681 2217 1721 sola
2249 1684 2398 1735 perspi-

1281 1749 1396 1774 cuam
1418 1766 1428 1785 ,
1457 1735 1620 1783 multia,
1656 1735 1913 1788 gravibusque
1941 1738 2145 1774 momentis
2173 1738 2395 1774 evincitur.

1280 1789 1381 1828 Nam
1420 1791 1550 1842 primo
1576 1788 1617 1826 S.
1647 1788 1777 1827 Petrus
1809 1803 1844 1827 2.
1876 1789 2023 1842 epistol.
2045 1791 2112 1828 ΠΙ.
2149 1789 2208 1827 16.
2239 1788 2399 1841 loquens

1279 1843 1338 1881 de
1355 1843 1527 1895 epistolis
1544 1842 1584 1880 S.
1605 1841 1714 1880 Pauli
1737 1843 1817 1890 ait,
1847 1844 1890 1880 in
1916 1844 1964 1880 iis
1992 1856 2078 1880 esse
2107 1841 2298 1894 quaedam
2319 1841 2398 1893 dif-

1264 1895 1404 1948 ficilia
1433 1894 1655 1943 intelleHu,
1700 1908 1790 1946 quae
1819 1894 1985 1944 indocti,
2015 1896 2064 1936 <9¹
2094 1895 2299 1934 instabiles
2328 1895 2397 1934 de·-

1276 1960 1449 2001 pravant
1466 1980 1476 1998 ,
1521 1953 1622 1986 sicut
1649 1948 1699 1989 ὠ
1728 1958 1885 1986 ceteras
1927 1953 2149 2000 scripturas
2191 1949 2251 1988 ad
2273 1962 2395 1988 sunan

1277 2005 1452 2053 ipsorum
1480 2002 1740 2052 perditionem
1759 2029 1768 2041 .
1799 2003 1896 2041 Haec
1926 2013 2052 2041 autern
2075 2003 2253 2042 difficilia
2284 2003 2394 2042 intel-

1276 2054 1379 2095 letstu
1405 2055 1573 2112 spectate
1602 2056 1651 2095 ad
1679 2055 1841 2095 salutem
1870 2070 1918 2095 ex
1945 2070 1995 2095 eo
2018 2057 2173 2109 liquet,
2201 2058 2305 2148 quo}
2333 2059 2396 2096 in—

2302 2123 2342 2148 ο..

1273 2231 1379 2264 snnt,
1407 2226 1440 2256 δε
1463 2222 1692 2268 perturbata.
1726 2222 1818 2256 Hinc
1841 2223 1947 2256 multi
1974 2223 2192 2264 nescientes,
2227 2223 2283 2257 cui
2311 2235 2390 2258 cre-

1271 2267 1420 2311 derent,
1444 2281 1586 2315 prorsus
1613 2270 1702 2303 nihil
1728 2268 1869 2302 credere
1896 2271 2121 2304 maluerunt.
2161 2271 2252 2303 Sane
2279 2269 2394 2304 Laur.-

1272 2316 1489 2351 Mosliemius
1516 2317 1555 2349 in·
1580 2315 1716 2349 Histor.
1745 2315 1960 2349 E'cclesiast.
1989 2317 2091 2350 'Pom⁴
2121 2317 2163 2349 V.
2195 2328 2274 2361 pag.
2303 2318 2385 2350 302.

1270 2363 1354 2398 edit.
1380 2363 1509 2398 Yverd.
1542 2363 1646 2408 ¹775·
1673 2361 1818 2395 candide
1846 2363 1976 2395 fatetur
2002 2363 2218 2408 temporibus
2238 2365 2388 2397 Cromv-

1270 2411 1431 2444 vellianis
1458 2410 1563 2443 fuisse
1590 2410 1754 2453 epocham
1779 2408 1985 2451 Deistarnm.
2009 2411 2049 2442 in.
2073 2410 2203 2454 Anglia
2225 2410 2289 2443 sub
2310 2409 2389 2442 Sid-

1273 2469 1389 2504 neyo,
1415 2457 1592 2497 NevilHo,
1617 2457 1813 2496 Mat-tinio,
1840 2459 1872 2488 δι
1898 2457 2133 2499 Arringoni03
2159 2455 2388 2501 quando-sci-

1272 2505 1355 2538 licet
1383 2504 1529 2537 cuilibet
1561 2503 1771 2548 permissum
1805 2511 1909 2543 erat,
1943 2501 2116 2548 quidlibet
2144 2501 2306 2544 credere,
2344 2516 2388 2538 ac

1273 2550 1458 2597 profiteri.
1484 2548 1551 2583 Sed
1578 2550 1652 2583 haec
1678 2549 1814 2583 obiter.

1324 2598 1371 2636 (b)
1403 2597 1459 2630 Ex
1479 2608 1553 2642 quo
1577 2597 1759 2640 Scriptura
1787 2608 1890 2630 sacra·
1914 2594 2038 2630 debeat
2056 2607 2128 2629 esse
2154 2596 2194 2630 in
2216 2597 2321 2630 rebus
2339 2594 2386 2630 ad

1271 2645 1422 2677 salutem
1448 2643 1656 2678 necessariis
1680 2643 1823 2675 omnino
1841 2644 1934 2676 clara
1951 2665 1962 2683 ,
1990 2644 2277 2676 Remonstrantes
2295 2643 2384 2677 bene

1272 2690 1452 2734 collegisse
1476 2688 1664 2729 videntur,
1689 2689 1806 2722 omnia
1831 2702 1870 2722 ea
1895 2689 2083 2734 (logmata,
2109 2701 2186 2733 ‹111ae
2213 2691 2247 2722 in
2274 2690 2385 2723 sacris

1271 2738 1401 2770 litteris
1427 2749 1499 2771 non
1520 2736 1664 2770 omnino
1688 2736 1869 2780 perspicue
1897 2737 2149 2773 continentur,
2175 2745 2253 2770 utut
2274 2736 2388 2769 veris-

1271 2785 1385 2824 sium,
1421 2784 1566 2817 minime
1592 2795 1664 2815 esse
1693 2781 1736 2814 ad
1761 2783 1909 2815 salutem
1938 2783 2157 2816 necessaria.
2199 2781 2390 2818 Atld'ebnnt

1271 2839 1417 2875 postea,
1440 2831 1561 2863 omnia
1576 2827 1790 2873 enclogmata
1806 2851 1818 2869 2
1843 2828 1882 2861 de
1902 2829 2029 2874 quibus
2046 2829 2135 2862 inter
2151 2829 2265 2862 varias
2279 2828 2390 2863 Chri·

1271 2878 1467 2911 suanorum
1494 2876 1764 2909 communiones
1790 2874 2018 2920 disputatur,
2044 2887 2111 2908 non
2131 2876 2274 2910 omnino
2306 2888 2386 2920 per-

1271 2925 1388 2968 spicue
1415 2923 1585 2956 contineri
1614 2923 1648 2954 in
1675 2923 1784 2955 sacris
1809 2923 1965 2963 litteris3
1992 2920 2083 2955 unde
2109 2934 2321 2967 consequens
2347 2935 2382 2954 e—

1268 2980 1322 3005 rat
1350 2970 1488 3003 nonnisi
1517 2969 1731 3013 paucissima
1757 2969 1947 3013 Religionis
1976 2976 2103 3004 nostrae
2128 2968 2315 3013 dogmata,
2337 2981 2386 3001 ea

1267 3017 1402 3050 scilicet
1429 3019 1525 3056 sola,
1550 3014 1592 3048 ele
1619 3015 1747 3059 quibus
1774 3017 1870 3048 nulla
1890 3025 1940 3049 est
1959 3017 2050 3049 inter
2064 3014 2284 3049 Christianos
2299 3026 2379 3047 con-

1271 3063 1469 3104 tsoversia‚
1507 3074 1578 3094 esse
1606 3060 1649 3094 ad
1674 3063 1823 3095 salntem
1857 3063 2074 3096 necessaria.
2118 3061 2239 3095 Videri
2266 3067 2378 3106 potest

1272 3108 1308 3142 id
1333 3110 1438 3142 latins
1463 3109 1680 3154 explicatum
1714 3109 1748 3141 in
1775 3107 2051 3143 Institutionibus
2080 3108 2184 3142 theol.
2221 3108 2304 3141 Sim.
2330 3105 2379 3137 E-

1271 3156 1430 3201 piscopi,
1475 3159 1508 3188 δε
1541 3155 1576 3188 in
1597 3156 1739 3200 'praefat.
1776 3168 1883 3200 quam
1910 3157 1981 3189 illis
2006 3156 2176 3200 praemi>it
2204 3149 2376 3186 Arnnldus

1272 3203 1580 3246 Poelemburgius.
1611 3201 1762 3242 Nescio,
1787 3202 1961 3247 quomodo
1985 3202 2180 3236 defensores
2204 3198 2374 3230 claritatis

1273 3261 1361 3282 sacr.
1390 3250 1647 3294 scripturarum
1665 3249 1801 3294 possint
1820 3249 1928 3286 solide
1945 3250 2036 3284 lianc
2050 3244 2379 3283 Remonstrantium

1269 3294 1460 3330 doctrinam
1485 3296 1674 3330 refellere.

89 3336 284 3391 πεᾶεψῌ,
324 3344 360 3376 ἃ.
381 3341 424 3379 de
446 3343 610 3382 omnibus
634 3340 868 3390 disputando,
905 3345 1024 3381 omnia
1056 3344 1204 3379 confusa
1260 3389 1267 3396 x
