2564 3706
618 121 881 170 OSTEND.
911 120 1090 170 DEUM
1121 123 1268 170 ESSE
1301 124 1390 171 EX
1421 123 1552 171 ΗΕΒ.
1584 126 1882 177 CONTING.
2311 154 2336 193 7

99 225 189 271 quae
218 214 350 255 nostris
378 212 553 254 sensibus
579 209 839 265 objiciuntur,
868 220 920 252 est
939 215 1214 268 necessariumj:

98 283 187 324 ergo
215 268 286 307 διο.

150 322 218 369 -45,
250 321 363 374 Resp.
393 318 464 358 Res
494 318 610 372 hujus
654 319 791 359 mundi
835 333 906 359 non
935 334 1013 360 esse
1054 322 1212 374 quidem

95 376 325 420 necessarias
352 375 572 412 necessitate
599 372 782 411 absoluta
798 403 809 422 ‚
840 376 892 413 ita
912 384 952 413 ut
970 378 1127 414 omnino
1157 390 1213 414 re-

93 436 261 481 pugnet,
291 440 353 466 eas
384 440 458 465 non
486 441 590 472 esse3
630 426 772 465 habere
801 435 926 466 tamen
955 431 1212 467 necessitatem

89 480 226 518 saltem
256 480 579 534 hypotheticam,
610 481 663 518 im
695 480 850 518 ossibile
878 491 930 519 est
961 484 1065 520 enim
1097 491 1137 520 ut
1164 484 1213 520 si·

89 532 175 572 mul
204 536 302 582 sint,
337 534 370 571 &
392 547 465 572 non
485 535 585 579 sint;
614 533 648 570 ἃ
669 494 741 571 lioc
770 535 937 584 sufficit,
967 545 1007 573 nt
1027 537 1214 587 possimus

91 600 138 624 ex
167 587 216 625 iis
244 601 312 625 nos
334 588 433 640 ipsos
452 585 624 625 attollere
643 587 690 626 ad
711 590 1011 638 cognoscendum
1041 590 1213 642 primum

89 651 227 679 earum
258 639 452 680 austorem
470 671 482 690 ,
511 654 651 693 nempe
679 641 807 678 Deum
825 666 836 680 .

390 745 780 786 CAPUT
866 749 916 786 ΙΙ.

90 820 226 864 Deum
252 828 389 878 reipsa
417 831 591 868 existere
621 831 741 866 variis
770 827 1021 878 argumentis
1040 825 1213 864 ostendi-

132 888 210 923 ‚tur
231 909 242 928 ,
273 881 322 921 (9⁶
351 883 479 933 primo
508 886 604 934 quia
632 893 697 918 res
727 892 869 917 omnes
897 878 1014 931 liujus
1043 883 1214 917 universi

142 937 421 986 contingentes
462 944 580 982 sunt,
620 932 842 970 luculenter
882 931 1210 982 demonstratur,

100 1026 103 1027 ⁷
142 1000 230 1026 esse
257 996 405 1038 proeter
431 988 526 1024 illas
554 985 666 1023 aliud
694 998 765 1022 ens
794 998 973 1033 summe,
1003 986 1053 1027 ὡ·
1080 990 1212 1023 omni-

94 1076 97 1079 .
141 1053 196 1078 ηο
225 1043 527 1087 necessarium,
557 1051 700 1089 nempe
721 1037 858 1076 Deum
885 1039 1054 1092 infinitis
1080 1039 1213 1092 perfe-

144 1091 332 1132 &ionibus
360 1092 726 1131 cumulatissimum
741 1118 755 1131 .

141 1198 210 1247 44.
240 1179 360 1246 Duo
388 1200 428 1239 in
449 1199 833 1240 demonstrationibus
849 1231 859 1250 ‚
889 1199 1031 1254 quibus
1051 1201 1213 1241 ostendi-

84 1260 147 1294 tur
175 1264 306 1294 contra
337 1253 502 1304 Atheos,
532 1254 662 1293 Deum
682 1267 759 1292 esse
776 1285 787 1303 ,
818 1255 912 1293 vitia
930 1254 1062 1293 sedulo
1090 1257 1212 1293 vitan—

83 1307 133 1346 da
161 1317 271 1346 suut:
318 1306 483 1346 alterum
513 1321 676 1356 eorum,
696 1309 774 1360 qui
803 1320 948 1358 novas,
990 1309 1054 1346 sed
1084 1310 1211 1346 minus

85 1359 248 1411 firmas,
279 1359 495 1414 solidasque
524 1362 688 1400 rationes
707 1361 894 1410 afferunt,
922 1375 1012 1414 quae
1042 1375 1116 1400 non
1137 1363 1211 1400 im-

83 1415 220 1453 merito
249 1414 300 1453 ab
328 1414 416 1454 aliis
445 1415 720 1468 repudiantur.
749 1414 857 1453 Dum
885 1418 990 1453 enim
1006 1428 1210 1466 argumen-

85 1473 125 1505 ta
144 1475 310 1515 nutant,
338 1468 483 1519 quibus
517 1467 650 1520 aliqua
678 1469 819 1506 veritas
853 1469 1034 1507 innititur
1053 1497 1063 1515 ,
1091 1470 1209 1505 etiam

83 1520 223 1558 veritas
253 1521 337 1572 ipsa
366 1519 565 1571 aliquibus
602 1522 731 1557 minus
759 1521 923 1572 peritis,
964 1520 1027 1560 vel
1056 1519 1140 1572 ejus
1168 1533 1209 1558 0-

85 1572 238 1611 soribus
267 1581 401 1610 nutare
431 1573 582 1611 videtur
611 1572 676 1622 (a)
695 1598 706 1610 .

93 1667 95 1669 ,
138 1626 209 1672 45.
240 1624 417 1663 Alterum
446 1625 585 1662 vitium
612 1624 740 1660 adhuc
770 1625 1032 1673 perniciosius
1065 1633 1118 1660 est
1146 1638 1210 1661 eo-

86 1690 200 1726 rum,
228 1679 297 1729 qui
325 1685 367 1714 ut
395 1677 503 1714 novis
518 1675 901 1712 demonstrationibus
931 1675 1120 1726 majorem
1141 1688 1209 1712 au-

88 1729 299 1769 Cioritatem
341 1727 578 1777 concilient,
619 1728 796 1780 antiquas
837 1725 1006 1766 aliorum
1047 1729 1210 1767 rationes

84 1783 148 1824 vel
177 1784 262 1834 ipsa
281 1791 461 1821 vetustate
489 1780 755 1820 corroboratas
784 1782 896 1833 parvi
917 1781 1103 1832 pendere,
1134 1782 1209 1825 iin-

84 1849 152 1876 mo
180 1835 216 1873 δι
244 1835 404 1887 rejicere
433 1835 601 1873 audent.
647 1833 779 1871 Facile
809 1834 915 1870 enim
956 1836 1121 1886 quisque
1149 1835 1209 1873 in-

80 1888 243 1939 telligit,
271 1897 459 1939 quantum
487 1897 539 1924 ex
561 1887 780 1926 domesticis
808 1887 888 1926 istis
907 1886 1072 1926 dissidiis
1100 1900 1209 1927 com-

92 1954 227 1982 munes
256 1939 378 1980 hostes
404 1941 603 1979 lucrentur
632 1938 689 1990 (b)
708 1965 719 1978 .

92 2084 95 2088 '
136 2076 187 2115 (a)
217 2074 251 2109 S.
277 2073 495 2120 Augustinus
522 2072 559 2107 in
582 2072 676 2108 libro
698 2074 744 2108 cle
767 2074 897 2109 duabus
920 2076 1096 2110 animabus
1121 2087 1202 2111 con-

82 2127 138 2155 tra
162 2121 376 2156 Manichaeos
398 2134 430 2155 c.
457 2132 493 2165 9.
519 2121 648 2161 (Tum.
674 2122 753 2156 VII.
776 2126 787 2160 )
815 2120 857 2155 de
878 2133 918 2155 se
943 2123 1019 2168 ipso
1043 2124 1174 2157 fatetur
1189 2145 1202 2165 ‚

81 2179 124 2201 ex
161 2169 339 2214 imperitia
363 2167 649 2202 Christianorum
671 2189 683 2208 ,
723 2168 937 2213 quibuscum
973 2167 1202 2214 disputabat,

81 2213 251 2248 suisserse
271 2213 459 2259 aliquando
477 2215 512 2247 in
537 2215 610 2248 suis
627 2215 807 2248 erroribus
834 2214 1100 2249 confirmatum.
1130 2217 1203 2249 Un-

79 2258 122 2300 de
149 2261 277 2294 merito
301 2269 418 2294 monet
442 2260 630 2304 Angelicus
656 2261 692 2293 in
718 2259 929 2306 Quodlibet«)
956 2262 1016 2294 lll.
1043 2270 1109 2295 art.
1137 2263 1201 2296 ult.

79 2306 118 2349 ibn
142 2307 246 2341 rebus
272 2305 350 2340 fidei
376 2304 567 2352 probandis
585 2306 630 2340 ab
655 2306 805 2340 infirmis
831 2307 1048 2351 argumentis
1072 2320 1147 2340 esse
1164 2321 1204 2341 o-

80 2353 202 2386 mnino
226 2351 498 2387 abstinendum.
538 2350 603 2385 Sed
627 2360 666 2385 ut
692 2351 735 2386 ad
762 2362 837 2386 rem
873 2355 1031 2386 nostram
1057 2355 1201 2398 propius

80 2398 314 2439 accedamus,
341 2410 444 2432 nemo
468 2399 632 2443 ignorat,
667 2410 756 2443 quas
783 2398 905 2433 turbas
932 2400 1024 2432 inter
1052 2399 1203 2434 'Theolo-

80 2454 167 2487 gos,
203 2449 236 2478 &
262 2444 485 2490 Philosophus
511 2445 720 2478 excitaverit
747 2444 809 2478 illa
836 2442 1090 2478 demonstratio
1117 2447 1206 2478 Car-

85 2489 217 2530 thesii,
251 2503 321 2534 qua
345 2492 461 2524 Deum
496 2502 572 2524 esse
595 2491 722 2535 probat
757 2502 802 2524 ex
840 2490 915 2535 ipsa
941 2491 1031 2524 entis
1067 2501 1206 2524 summe

84 2535 226 2578 perfecti
247 2535 351 2576 ideas,
377 2536 414 2568 in
437 2548 479 2568 ea
503 2537 598 2568 enim
617 2537 815 2569 necessario
838 2538 1026 2570 existentia
1052 2538 1203 2570 relucet.

80 2580 188 2613 Illam
211 2581 326 2612 multo
359 2587 461 2612 antea
486 2580 554 2612 sibi
580 2589 835 2623 proposuerat,
872 2584 904 2613 <Sc
929 2583 1144 2615 refutaverat
1171 2584 1205 2615 S.

83 2626 243 2659 'I'homas
264 2627 288 2658 1.
315 2625 351 2658 Ρ.
378 2633 502 2669 quaest.
530 2635 564 2656 2.
591 2632 660 2657 art.
690 2636 718 2657 1.
745 2624 789 2658 ad
816 2635 848 2657 2.
873 2628 906 2657 ἀ
930 2626 1009 2660 Lib.
1034 2628 1061 2660 Ι.
1088 2636 1207 2662 contra

88 2671 254 2714 Gentiles
279 2683 311 2704 c.
340 2682 394 2704 ιο.
421 2673 454 2702 &c
483 2681 536 2702 11.
570 2668 664 2713 quod
689 2671 796 2704 etiam
830 2683 850 2704 a
878 2670 1055 2705 Leibnitio
1087 2673 1207 2706 obser-

87 2726 215 2751 vatum
239 2725 292 2751 est
318 2717 354 2750 in
374 2717 474 2749 Allis
491 2716 718 2749 Eruditornm
745 2714 849 2760 1694.
874 2728 993 2750 mense
1012 2718 1205 2753 Novembri

83 2774 163 2808 pag.
193 2763 274 2807 539.
315 2761 484 2796 Eamdem
509 2769 629 2807 postea
655 2762 908 2807 impugnarunt
935 2762 1136 2798 Garrendus
1163 2766 1207 2798 T.

83 2810 148 2842 ΙΙΙ.
169 2808 790 2853 Disquisitiormmmetaphys-icarum
803 2817 925 2842 contra
939 2809 1111 2843 Carthesii
1133 2822 1209 2844 me·

85 2853 296 2888 ditationem
314 2855 358 2888 V.
383 2853 498 2888 dubit.
527 2864 558 2887 2.
587 2855 709 2889 Petrus
734 2855 861 2888 Daniel
887 2856 1037 2889 Huetius
1065 2857 1098 2889 in
1118 2857 1208 2891 Cen-

85 2913 164 2933 sura
190 2900 426 2944 Philosophiae
450 2901 687 2936 Carthesianae
714 2913 744 2934 c.
765 2901 799 2945 4.
821 2903 852 2944 §.
872 2902 905 2935 8.
933 2902 1038 2935 Laur.
1065 2901 1208 2936 Moshe-

83 2946 176 2979 mius
217 2947 252 2979 in
278 2948 369 2980 notis
395 2945 438 2980 ad
463 2947 630 2992 Systema
666 2947 768 2994 hujus
794 2951 946 2982 universi
974 2951 1205 2983 intellelluale

83 2991 174 3025 Rad.
197 2992 399 3026 Cudworthi
427 2991 469 3026 ad
489 3005 564 3038 cap.
592 2993 624 3027 5.
651 2998 728 3027 sest.
761 3005 789 3026 1.
814 2996 848 3036 §-
881 3006 957 3027 100.
983 2996 1123 3039 Aliique
1150 3007 1205 3028 re-

85 3038 208 3071 censiti
237 3051 256 3072 a
279 3039 332 3072 Jo.
360 3039 438 3072 Alb.
464 3040 630 3073 Fabricio
667 3040 702 3073 in
730 3039 872 3074 Delma
911 3049 1204 3085 argumentorum,

84 3087 126 3117 (9'
157 3085 297 3130 syllaba
324 3085 537 3128 Scriptorum
563 3087 606 3120 cle
627 3090 770 3120 veritate
797 3087 996 3132 Religionis
1024 3087 1201 3120 Christia-

85 3142 132 3162 nae
151 3142 226 3175 cap.
254 3143 304 3164 10.
332 3131 504 3175 Praecipue
522 3140 640 3166 autem
661 3133 988 3167 commemorandus
1007 3134 1102 3165 venit
1121 3134 1203 3166 Sam

84 3177 336 3210 Werenfelsius
356 3199 366 3218 ‚
393 3176 569 3210 Professor
593 3180 800 3212 Basileensis
818 3200 830 3220 ,
856 3180 915 3224 qui
943 3191 1023 3213 cnm
1049 3179 1204 3223 peculia-

86 3231 162 3254 rem
185 3222 250 3256 hac
275 3222 316 3256 de
346 3234 383 3255 re
409 3221 573 3256 edidisset
596 3223 871 3269 disputationem
886 3246 897 3265 ,
922 3225 998 3270 ejus
1017 3226 1201 3267 opusculis

87 3265 808 3315 Theologico-philologico-philosophicis
847 3280 965 3316 postea
1002 3271 1208 3312 insertam,

1335 215 1401 263 46.
1433 215 1502 254 His
1531 216 1647 267 igitur
1674 215 1873 255 declinatis
1902 217 2029 268 vitiis,
2059 231 2104 259 ac
2135 226 2303 262 veterum
2333 237 2396 263 ve-

1280 270 1403 322 stigiis
1431 269 1639 307 insistentes
1657 298 1667 317 ,
1710 279 1873 322 quatuor
1901 275 2132 323 argumentis
2161 275 2290 314 Deum
2319 290 2395 316 esse

1280 323 1546 371 ostendemus,
1589 321 1734 360 scilicet
1765 324 1891 373 primo
1919 337 1964 361 ex
1993 339 2069 376 quo
2110 341 2166 366 res
2195 341 2325 369 omnes
2355 332 2395 370 in

1281 376 1352 416 hoc
1383 376 1528 415 mundo
1569 377 1643 414 sint
1672 377 1953 426 contingentes,
1995 381 2158 418 secundo
2187 395 2233 419 ex
2262 392 2393 431 motu5

1281 432 1391 469 tertio
1418 443 1464 468 ex
1494 428 1668 468 mirabili
1697 428 1813 480 hujus
1843 431 1979 468 mundi
2009 431 2221 480 strustura5
2252 446 2394 488 postre-

1281 497 1346 522 mo
1375 497 1419 522 ex
1450 484 1624 522 unanimi
1653 481 1856 523 hominum
1885 496 2100 522 consensu.

1336 537 1385 575 Et
1415 539 1585 589 primum
1613 536 1770 589 quidem
1799 546 2069 587 argumentum
2099 539 2137 576 in
2166 536 2238 578 hoc
2271 543 2395 592 capite

1280 592 1564 643 expendemus,
1594 589 1744 641 reliqua
1772 590 1812 627 in
1842 590 2112 641 sequentibus.
2152 591 2260 630 Adsit
2287 595 2395 634 nobis

1283 645 1471 695 propitius
1501 644 1602 682 Deus
1631 645 1740 695 ipse,
1771 651 1812 679 ut
1840 641 1938 681 hanc
1968 646 2164 682 veritatem
2183 673 2197 692 ,7
2224 659 2312 697 qua:
2341 656 2395 684 to-

1279 698 1354 733 tius
1376 695 1580 748 Religionis
1608 699 1782 749 primum
1801 705 1916 749 caput
1943 706 1996 734 est
2016 711 2060 735 ac
2084 697 2396 748 fundamentum,

1280 748 1393 799 plena
1424 751 1461 787 in
1491 750 1576 788 luce
1605 749 1864 799 collocemus,
1893 749 1928 787 δε
1957 750 2007 790 ab
2037 749 2248 790 Atheorum
2275 752 2396 794 cavil-

1280 801 1328 838 lis
1357 804 1558 854 perspicue
1587 803 1856 843 vindicemus.

1565 907 2113 951 PROPOSITIO

1278 984 1414 1026 Deum
1444 999 1557 1036 esse,
1595 987 1894 1027 demonstratur
1923 1003 1976 1029 ex
2004 993 2187 1028 omnium
2225 1002 2360 1031 rerum
2381 1023 2394 1043 ,

1429 1054 1519 1093 quoe
1548 1045 1589 1079 in
1619 1041 1767 1080 mundo
1795 1052 1887 1081 sunt
1904 1073 1915 1091 ,
1944 1048 2247 1098 contingentia.

1333 1147 1401 1199 47.
1431 1124 1570 1192 Proh.
1601 1147 1706 1186 Adeo
1725 1155 1873 1186 certum
1893 1147 1928 1184 &
1948 1149 2102 1187 evidens
2122 1158 2200 1199 est,
2228 1154 2395 1192 extitisse

1280 1215 1305 1239 a
1332 1210 1408 1241 tota
1452 1203 1664 1240 aeternitate
1693 1201 1852 1254 aliquod
1892 1215 1958 1240 ens
1988 1205 2212 1240 increatum
2231 1233 2241 1251 ‚
2289 1205 2339 1244 (ρ’
2367 1218 2397 1243 a

1281 1268 1352 1302 se,
1394 1258 1635 1303 intrinsece,
1679 1254 1884 1304 absolute,
1926 1254 1974 1296 <9⁶
2004 1259 2168 1293 omnino
2206 1269 2396 1295 necessa-

1281 1312 1413 1358 rium,
1457 1319 1497 1347 ut
1526 1322 1639 1347 nemo
1667 1322 1767 1346 sanae
1798 1309 1936 1347 mentis
1966 1308 2004 1346 id
2034 1309 2149 1359 possit
2191 1309 2359 1349 inficiari
2383 1340 2395 1358 ,

1280 1371 1344 1399 aut
1372 1364 1412 1400 in
1440 1362 1605 1412 dubium
1627 1374 1830 1407 revocare3
1858 1363 1965 1414 atqui
1994 1361 2065 1399 hoc
2081 1376 2146 1400 ens
2176 1371 2396 1410 oeternum,

1279 1418 1507 1453 increatum
1528 1446 1538 1463 ,
1567 1429 1597 1452 a
1625 1428 1669 1452 se
1688 1445 1699 1462 ,
1727 1414 1827 1452 nihil
1856 1427 1988 1453 eorum
2019 1423 2098 1462 est,
2127 1423 2193 1453 aut
2222 1428 2298 1454 esse
2329 1429 2396 1468 po-

1277 1476 1374 1515 test,
1402 1483 1490 1521 quae
1524 1470 1566 1505 in
1595 1467 1666 1506 hac
1695 1482 1825 1505 rerum
1856 1469 2098 1506 universitate
2128 1469 2393 1507 continentur:

1276 1534 1354 1558 esse
1396 1522 1513 1572 igitur
1539 1520 1653 1556 debet
1682 1520 1791 1557 aliud
1832 1521 2035 1572 quidpiam
2066 1535 2087 1558 a
2117 1530 2190 1558 tota
2233 1521 2306 1560 hac
2336 1535 2394 1559 re-

1278 1586 1364 1610 rum
1395 1587 1518 1610 massa
1547 1572 1771 1619 diversum,
1813 1586 1954 1624 nempe
1984 1574 2163 1624 princeps
2194 1572 2292 1621 illa,
2341 1583 2396 1612 at-

1276 1637 1354 1672 que
1383 1624 1535 1661 infinita
1561 1625 1737 1660 omnium
1764 1637 1880 1661 causa
1901 1654 1913 1672 ,
1957 1639 2075 1676 quam
2106 1625 2233 1664 Deum
2271 1628 2395 1666 nomi-

1278 1688 1418 1713 namus
1435 1700 1445 1712 .

1331 1727 1398 1773 48.
1428 1727 1559 1779 Major
1601 1728 1809 1779 propositio
1850 1727 2071 1779 probatione
2100 1742 2174 1767 non
2220 1730 2393 1782 indiget,

1275 1781 1340 1818 sed
1368 1781 1651 1819 declaratione.
1694 1780 1848 1818 Dicitur
1877 1782 2031 1833 primO,
2075 1782 2234 1832 aliquod
2264 1796 2335 1820 ens
2365 1798 2393 1822 a

1279 1842 1364 1871 tom
1392 1838 1624 1871 aeternitate
1639 1831 1807 1884 fuisse:
1838 1835 1931 1885 quia
1960 1835 1989 1871 si
2011 1832 2108 1871 nihil
2138 1836 2294 1872 omnino
2323 1835 2392 1874 ali-

1274 1888 1431 1939 quando
1459 1888 1588 1926 fuisset
1606 1917 1617 1935 ,
1645 1888 1761 1924 etiam
1792 1887 1904 1925 modo
1932 1885 2030 1925 nihil
2061 1896 2181 1925 esset:
2210 1890 2394 1940 quoniam

1276 1953 1324 1978 ex
1352 1939 1503 1990 nihilo,
1533 1940 1568 1978 δε
1598 1956 1620 1980 a
1649 1939 1775 1979 nihilo
1803 1938 1901 1979 nihil
1931 1953 2083 1992 prorsus
2113 1942 2215 1979 nasci
2233 1971 2244 1990 ,
2275 1941 2309 1977 ἃ
2338 1942 2394 1980 ef-

2295 1994 2342 2032 fi-

1272 2086 1416 2122 gravem
1439 2073 1565 2109 habuit
1591 2085 1673 2109 cum
1691 2075 1842 2108 Swicero
1869 2073 2066 2108 professore
2088 2072 2262 2118 'Tigurino
2287 2082 2394 2120 atque

1271 2124 1379 2157 etiam
1406 2135 1486 2156 cum
1505 2123 1706 2167 Jaquelotio
1730 2121 2048 2155 concertationem.
2076 2120 2250 2154 Carthesii
2276 2130 2393 2165 partes

1271 2167 1503 2202 defendendas
1529 2180 1666 2213 quoque
1692 2176 1919 2212 susceperunt
1946 2169 2029 2200 Ant.
2057 2164 2088 2199 le
2114 2166 2247 2199 Granrl.
2275 2166 2394 2201 Ins-tic.

1271 2214 1625 2259 Plzilosoph.Quaest.
1649 2225 1702 2249 11.
1723 2223 1789 2248 art.
1817 2215 1850 2247 3,
1880 2213 2000 2247 Herm.
2027 2211 2198 2246 Alexand.
2226 2213 2392 2247 Rovelius

1270 2265 1315 2296 de
1330 2263 1501 2304 religione
1517 2263 1667 2295 naturali
1684 2283 1695 2302 ,
1713 2261 1844 2304 aliique
1864 2270 1929 2292 non
1949 2259 2050 2304 pauci
2066 2282 2075 2290 .
2101 2261 2257 2292 Caeteras
2276 2258 2317 2292 de
2332 2271 2394 2293 no-

1270 2319 1315 2342 vo
1341 2307 1500 2339 inventas
1526 2307 1679 2340 rationes
1715 2315 1838 2340 contra
1857 2305 1986 2339 Atheos
2003 2327 2013 2345 ‚
2047 2313 2168 2349 utpote
2193 2306 2310 2339 minus
2337 2317 2393 2338 ce·

1270 2354 1410 2393 lebres,
1435 2362 1709 2385 commemorare
1733 2362 1849 2396 operae
1876 2352 2027 2394 pretium
2054 2362 2122 2383 non
2149 2359 2222 2383 est.

1317 2400 1365 2438 (b)
1391 2398 1470 2431 Nic.
1489 2398 1737 2431 L'Herminier
1753 2397 1987 2430 communiter
2003 2394 2284 2438 reprehenditur,
2299 2394 2393 2440 quod

1276 2445 1312 2477 in
1339 2444 1445 2477 Trall.
1473 2444 1517 2476 de
1543 2444 1619 2477 Deo
1647 2451 1798 2487 (piatuor
1823 2440 2161 2480 demonstrationes,
2200 2440 2328 2484 quibus
2356 2443 2391 2474 S.

1277 2490 1433 2523 Thomas
1455 2491 1480 2522 1.
1500 2489 1535 2521 P.
1563 2496 1687 2533 quaest.
1712 2498 1743 2520 2.
1763 2496 1829 2520 art.
1850 2489 1882 2521 3.
1909 2488 2020 2520 Deum
2040 2498 2111 2518 esse
2131 2486 2286 2526 evincit,
2313 2489 2392 2521 nul-

1273 2536 1342 2568 lius
1369 2535 1504 2569 roboris
1530 2547 1603 2568 esse
1623 2531 1841 2568 contenderit
1860 2555 1870 2573 ‚
1896 2545 1973 2577 quw¹
1996 2541 2111 2565 tamen
2138 2533 2294 2565 omnium
2321 2534 2392 2565 fere

1276 2582 1537 2625 'Theologorum
1563 2581 1715 2614 calculos
1734 2580 1932 2624 promeritae
1958 2580 2100 2611 fuerunt
2115 2601 2122 2609 .
2148 2579 2265 2611 Etiam
2286 2578 2393 2612 Cin-i-

1276 2629 1410 2661 stianus
1440 2627 1584 2661 &Vollius
1611 2628 1645 2659 in
1672 2626 1819 2659 Ratione
1845 2622 2095 2658 Praeleffionum
2121 2628 2158 2656 itz
2183 2622 2311 2656 Manli.
2348 2628 2390 2658 Θ

1274 2673 1371 2708 Phil.
1399 2672 1558 2707 Univers.
1579 2671 1734 2706 Edition.
1760 2683 1828 2705 sec.
1858 2669 1955 2704 Halae
1974 2669 2137 2713 Magdeh.
2169 2670 2273 2713 1745.
2300 2670 2335 2702 in
2354 2671 2391 2704 8.

1276 2732 1352 2765 cap.
1374 2721 1406 2753 3.
1427 2722 1504 2753 se&
1527 2730 1557 2750 2.
1584 2718 1720 2751 nonnisi
1748 2715 1836 2750 illud
1862 2725 2129 2760 argumentum,
2155 2714 2247 2759 quod
2272 2726 2313 2748 ex
2334 2727 2392 2749 re-

1274 2764 1341 2801 bus
1368 2763 1653 2808 contingentibus
1690 2762 1932 2807 depromitur,
1972 2762 2091 2794 efficax
2117 2774 2190 2794 esse
2228 2762 2390 2805 putavit,

1275 2812 1311 2845 in
1338 2813 1473 2845 caeteris
1497 2808 1660 2843 omnibus
1686 2807 1827 2854 aliquod
1852 2808 1978 2840 vitium
2005 2807 2072 2840 sibi
2099 2804 2318 2840 adinvenisse
2337 2809 2393 2841 vi-

1274 2869 1333 2890 sus
1358 2865 1436 2894 est;
1460 2868 1528 2901 qua
1553 2856 1660 2888 etiam
1680 2853 1721 2887 de
1747 2867 1851 2888 causa
1877 2854 2057 2897 vapulavit
2082 2853 2126 2886 ab
2153 2853 2391 2888 infensissimo

1274 2903 1350 2947 ejus
1370 2902 1468 2934 hoste
1486 2900 1608 2935 Joach.
1637 2902 1770 2944 Langio
1794 2901 1828 2932 in
1854 2902 2010 2932 modesta
2034 2899 2285 2943 disquisitione
2313 2904 2389 2933 novi

1274 2948 1500 2992 plaeilosapliiae
1520 2951 1728 2992 {rstematis
1746 2948 1790 2979 (le
1812 2944 1909 2985 Deo,
1935 2945 2055 2977 mundo
2071 2966 2082 2984 ,
2101 2951 2142 2978 Θ
2162 2944 2296 2978 homine
2315 2949 2387 2979 &a

1276 3004 1350 3027 tuin
1379 2995 1508 3037 passim
1528 2994 1695 3028 inCausa
1713 2990 1809 3031 Dei,
1837 2995 1879 3024 (9'
1899 2992 2097 3034 Religionis
2123 2995 2294 3025 naturalis
2312 2994 2387 3025 adv.

1272 3041 1488 3073 Athez'smum
1503 3062 1510 3070 .
1534 3039 1658 3072 Missos
1673 3039 1762 3070 facio
1780 3037 1963 3070 nonnullos
1979 3037 2063 3070 alios
2097 3037 2276 3070 minorum
2307 3049 2387 3080 gen-

1272 3088 1359 3119 tium
1375 3085 1583 3129 TheologOS,
1597 3095 1635 3117 ac
1652 3081 1892 3127 Phiksophos,
1906 3083 1967 3127 qui
1985 3083 2163 3117 veteribus
2179 3083 2386 3117 firmissimi<

1270 3129 1627 3164 denionstrationilms
1654 3141 1759 3163 novas
1786 3141 1891 3170 suas,
1927 3128 2114 3174 minusque
2154 3127 2279 3162 solidas
2307 3127 2386 3159 mi,-

1271 3179 1455 3210 stituentes
1472 3198 1482 3216 ,
1516 3175 1637 3210 Atheis
1668 3172 1840 3219 gloriandi
1860 3186 1980 3209 ansam
2003 3176 2252 3219 praebuerunt,
2286 3173 2385 3216 qussi

1272 3228 1405 3258 invillis
1431 3226 1640 3268 argumentis
1667 3223 1857 3267 impugnari
1882 3230 2068 3267 nequeant.
