2564 3706
281 158 359 187 11⁸2

207 225 293 268 ejus
324 220 473 254 nomini
503 218 682 254 invocato
703 215 889 267 magicas
918 217 1047 252 inesse
1076 218 1234 252 vlrtutes
1253 209 1309 247 nil

207 274 480 322 superstitiosa
508 269 695 320 ‹fuaetldnz
725 268 986 320 peragenda.

265 323 351 361 186.
383 323 494 374 Resp.
525 323 564 360 Si
595 336 682 375 quae
711 323 756 359 de
787 321 990 374 Apollonio
1011 318 1180 369 Tyauaeo
1209 315 1305 352 rese-

204 385 368 424 runtur,
411 377 458 412 ad
482 375 640 427 'justam
670 376 813 413 criticae
845 374 992 410 lancem
1021 368 1302 418 expendantur,

202 439 349 466 tantum
380 442 564 481 apparere
593 430 691 466 inter
718 427 822 476 ejus,
852 426 884 461 ἃ
905 426 991 461 Jesu
1019 421 1159 480 Christi
1186 433 1304 472 opera.

198 482 435 529 discrimen,
486 491 523 519 nt
552 482 726 520 miranda
755 483 801 517 sit
841 488 970 514 eorum
1008 473 1197 520 audacia,
1241 472 1303 511 vel

201 536 419 587 stupiditas,
441 537 508 586 qui
530 536 609 572 ausi
631 543 713 571 suut
734 544 851 569 unum
870 527 980 565 alteri
1000 526 1173 562 conferre
1190 551 1200 563 .
1223 524 1303 563 Pri-

201 602 265 626 mo
294 590 393 625 enim
427 589 563 625 Christi
594 584 806 629 miracula,
850 581 1046 631 praecipue
1088 587 1216 616 autem
1247 592 1304 615 re-

199 643 418 679 surrectioa
441 641 626 686 mortuis,
656 638 688 673 8<
719 638 756 672 in
786 633 925 672 caelum
957 632 1152 680 ascensio,
1181 631 1304 683 aplu-

200 695 307 732 ribus
335 692 492 731 oculatis
521 693 672 729 testibus
701 701 775 725 non
804 686 926 723 solum
955 684 1099 732 verbo,
1145 684 1178 720 ὃς
1208 686 1302 722 scri-

201 749 295 799 ptis,
340 760 474 784 verum
503 745 618 781 etiam
648 742 828 791 sanguine
851 768 861 786 ,
904 737 938 774 δι
969 739 1046 775 vita
1074 738 1301 776 confirmata

198 808 307 837 sunt:
350 799 399 837 ab
429 800 474 836 iis
502 799 662 847 inquam
691 792 873 839 testibus,
915 791 1012 843 qui,
1043 800 1083 828 ut
1110 801 1299 829 ostensum

198 862 279 900 est,
309 865 429 903 neque
457 849 539 887 falli
571 848 642 885 hac
672 846 712 883 in
733 859 773 882 re
803 853 1000 896 poterant,
1029 858 1098 881 nec
1118 843 1199 881 ullo
1219 857 1300 881 mo-

196 907 275 943 tivo
303 904 453 950 induci,
484 910 523 938 ut
549 899 644 938 alios
674 898 807 936 fallere
835 896 1004 936 vellent.
1039 898 1182 936 Contra
1211 897 1300 935 Phi-

195 957 392 1002 lostratus,
422 955 488 1006 qni
520 953 711 1006 Apollonii
740 960 841 1003 gesta
870 950 1068 1001 vulgavit,
1097 964 1172 989 non
1202 952 1301 988 testis

196 1009 368 1047 oculatus
383 1037 399 1055 .,
441 1021 566 1060 neque
594 1019 772 1052 coaevus,
814 1004 876 1042 sed
906 1005 1050 1055 integro
1085 1003 1201 1057 plane
1229 1019 1300 1042 sae-

194 1060 283 1099 culo
311 1061 492 1113 posterior
523 1061 620 1105 fuit3
648 1059 796 1110 scripsit
816 1058 919 1094 enim
942 1057 1026 1095 haec
1047 1057 1148 1095 Saec.
1169 1057 1217 1095 ΙΙ.
1238 1058 1301 1094 de-

196 1115 341 1152 sinente
362 1143 372 1161 ,
402 1122 442 1150 ut
470 1114 571 1164 apud
600 1111 744 1150 Juliam
774 1110 883 1148 Pium
912 1110 1089 1162 Septimii
1120 1123 1301 1159 uxorem,

194 1181 284 1219 quae
309 1167 569 1218 prodigiorum
591 1166 805 1203 narratione
834 1162 1112 1211 delectabatur,
1139 1165 1302 1214 gratiam

195 1220 332 1265 iniret3
364 1218 588 1270 Apollonius
616 1226 742 1256 autem
773 1218 871 1254 Saec.
893 1217 923 1253 Ι.
956 1230 1073 1267 usque
1101 1217 1146 1253 ad
1167 1216 1301 1253 Domi-

196 1274 346 1311 tianum
377 1274 503 1310 vixit.
541 1271 708 1310 Adhibet
733 1269 891 1320 quidem
922 1268 1170 1305 Philostratus
1198 1277 1304 1305 testes

196 1324 347 1378 aliquos
376 1338 548 1372 coaevos,
577 1337 715 1373 nempe
736 1321 942 1358 Damidem
963 1321 1187 1371 Assyrium,
1217 1320 1306 1358 Ma-

197 1380 345 1416 ximum
362 1377 570 1427 AEgiensem
594 1405 604 1422 ,
634 1375 666 1409 8(
688 1373 950 1424 Nlaeragenein
971 1373 1178 1424 quemdam
1198 1403 1208 1421 ,
1238 1375 1304 1424 qui

196 1431 329 1483 aliqua
357 1429 401 1465 de
424 1429 616 1480 Apollonii
647 1427 756 1477 gestis
777 1436 1020 1463 monumenta
1050 1425 1304 1477 reliquerant:

194 1484 258 1520 sed
287 1483 439 1520 obscuri
472 1482 507 1518 hi
532 1480 702 1516 homines
723 1487 806 1515 sunt
828 1509 838 1526 ,
868 1479 1008 1530 quibus
1027 1492 1302 1531 nonnunquam

195 1549 262 1572 nec
284 1537 363 1587 ipse
385 1533 631 1572 Philostratus
660 1532 769 1569 fidit:
799 1544 913 1569 nemo
942 1530 1042 1569 alius
1070 1545 1115 1568 ex
1135 1541 1186 1570 tot
1215 1547 1306 1585 syn-

193 1587 375 1635 chronis,
417 1586 675 1638 gravibusque
704 1585 979 1637 scriptoribus,
1021 1586 1089 1638 qui
1125 1600 1169 1623 ea
1198 1595 1306 1625 aetate

194 1639 429 1687 floruerunt,
474 1639 686 1692 allegatur.
730 1637 883 1676 Scimus
908 1639 1055 1686 etiam,
1096 1639 1304 1691 quemdam

194 1692 471 1746 Philosophum
510 1694 668 1730 nomine
698 1691 938 1742 Euphratem
969 1690 1177 1743 Apollonio
1219 1706 1305 1731 con-

196 1748 394 1785 tradixisse
416 1776 427 1793 ‚
465 1746 499 1782 ἃ
526 1755 671 1798 satyras
701 1754 828 1782 contra
857 1758 946 1782 eum
976 1746 1162 1791 edidisse3
1207 1747 1307 1784 unde

195 1813 301 1837 acres
331 1801 429 1837 iuter
456 1812 516 1836 eos
558 1798 758 1836 discordiae
789 1807 888 1835 natae
928 1807 1036 1835 sunt.
1084 1797 1199 1836 Porro
1228 1799 1307 1837 Eu-

197 1851 350 1904 phrates
393 1865 529 1903 magna
569 1852 782 1898 doctrinae,
825 1850 859 1886 &
888 1850 1147 1902 Philosophiae
1191 1851 1306 1898 laude

195 1904 409 1943 celebratus
438 1906 508 1942 fuit
538 1920 559 1942 a
587 1903 713 1941 Plinio
742 1907 757 1954 ζ
786 1903 876 1941 Lib.
897 1905 927 1941 I.
958 1906 1068 1954 epist.
1094 1918 1154 1942 ιο,
1186 1905 1229 1952 )‚
1258 1907 1307 1944 ab

197 1957 373 2010 Epicteto
402 1960 417 2007 (
448 1957 552 2009 apud
576 1957 783 1994 Attianum
811 1957 901 1994 Lib.
924 1955 986 1993 ΙΙΙ.
1017 1970 1102 2008 cap.
1126 1958 1190 1995 25.
1213 1958 1228 2006 )
1259 1958 1307 1995 ab

197 2010 379 2062 Eunapio
399 2010 573 2063 Sophista
604 2013 619 2061 (
649 2011 690 2046 in
720 2009 832 2061 praef.
862 2009 911 2047 ad
939 2012 1040 2047 ritas
1060 2008 1307 2061 Philosopho-

197 2076 288 2100 rum
320 2065 366 2112 )‚
398 2063 431 2098 8(
461 2063 510 2100 ab
539 2062 648 2100 aliis.

257 2116 344 2166 187.
374 2115 434 2152 Ex
465 2115 522 2152 his
552 2123 680 2152 autem
709 2116 837 2166 primo
865 2114 1045 2167 coll-igere
1074 2124 1275 2168 possumus
1296 2147 1307 2165 ,

194 2168 316 2207 multa
333 2198 346 2217 ,
375 2182 465 2220 quae
486 2169 532 2205 de
551 2167 760 2218 Apollonio
780 2167 1028 2206 Philostratus
1057 2179 1210 2217 narrat,
1242 2184 1308 2208 ne-

193 2222 369 2260 cessariis
398 2221 657 2259 fundament-is
685 2234 838 2270 carere,
869 2229 908 2258 ut
928 2222 1132 2273 prudenter
1151 2223 1309 2261 credan-

193 2283 255 2312 tur
272 2301 282 2313 .
324 2274 523 2327 Praecipue
550 2287 643 2311 cum
671 2284 816 2326 apertae
856 2272 1000 2312 fabulae
1018 2305 1029 2323 ,
1078 2275 1113 2311 &
1141 2276 1308 2328 pueriles

194 2342 307 2379 nugae
336 2342 440 2380 saepe
468 2329 660 2365 immixtae
690 2328 793 2375 sint3
822 2336 864 2366 ut
891 2341 980 2365 cum
1004 2327 1233 2380 Apollonius
1248 2344 1308 2369 as-

194 2381 369 2430 serebat,
417 2380 568 2419 leonem
608 2393 739 2419 coram
768 2396 806 2420 se
840 2381 1051 2420 adstantem
1080 2395 1158 2420 esse
1189 2383 1307 2422 Ama-

193 2436 267 2473 sim
290 2465 301 2484 ,
343 2436 548 2487 antiquum
576 2434 726 2486 AEgypti
756 2448 910 2487 regemj,
940 2443 1005 2472 aut
1033 2436 1151 2473 amici
1180 2435 1309 2487 cujus-

191 2486 284 2525 dam
313 2489 372 2525 sui
403 2500 559 2525 uxorem
599 2500 680 2524 esse
718 2488 935 2525 >daemonem
978 2488 1136 2525 feminei
1165 2502 1273 2527 sexus
1298 2502 1307 2527 :

192 2539 366 2591 &hujus
385 2541 532 2593 generis
560 2538 732 2588 similia,
760 2554 849 2592 quae
879 2541 1003 2579 videri
1024 2550 1176 2592 possunt
1205 2543 1310 2593 apud

194 2593 408 2632 Eusebium
437 2597 453 2644 (
486 2592 576 2632 Lib.
621 2602 766 2631 contra
795 2593 1027 2631 Hieroclem
1057 2594 1103 2643 ),
1146 2593 1181 2630 8<
1210 2594 1308 2633 Pho-

195 2647 292 2684 tium
324 2649 340 2699 (
370 2649 410 2686 in
439 2646 684 2685 Bibliotheca
712 2647 797 2687 cod.
819 2647 885 2693 44.
916 2647 961 2696 ),
999 2648 1066 2698 qui
1092 2656 1308 2698 postremus

195 2711 272 2737 non
301 2701 429 2753 inepte
458 2700 627 2753 appellat
647 2698 917 2739 Philostratum
934 2698 1181 2752 fabularum
1210 2706 1308 2740 scri-

199 2761 350 2801 piorem
390 2750 642 2806 μυᾶογρσίφον
681 2757 698 2807 (
727 2755 811 2793 eod.
848 2754 938 2801 241.
968 2754 1014 2804 ).
1059 2754 1238 2794 Secundo
1275 2758 1306 2795 si

244 2873 291 2908 (ss)
316 2872 424 2922 Satist·
448 2876 665 2920 Augustinus
698 2877 803 2922 epist.
829 2877 903 2910 ClI.
930 2882 1055 2920 quaest.
1081 2875 1115 2909 6.
1156 2876 1302 2922 loquens

199 2913 242 2948 de
268 2918 436 2961 Apuleio,
473 2925 504 2954 &
529 2923 737 2967 Apollonio,
773 2924 888 2968 primo
912 2921 1025 2963 dicit,
1067 2934 1188 2957 eorum
1213 2924 1304 2958 mira

200 2961 429 3015 multamulta
454 2967 551 3008 fidei
577 2974 775 3003 austeritate
806 2972 956 3017 jaffari:
1001 2978 1120 3014 postea
1153 2969 1299 3004 subdit:

199 3020 348 3061 quatinus
375 3012 415 3040 (9⁴
439 3013 601 3046 daemwoes
634 3019 793 3050 nonnulla
818 3017 965 3060 faciant
988 3016 1140 3059 Angelis
1177 3021 1302 3050 sannis

201 3055 362 3094 smulm,
388 3068 452 3087 non
479 3063 648 3101 veritate,
674 3065 737 3095 secl
764 3066 906 3107 specie,
931 3076 995 3095 non
1017 3066 1212 3106 sapientia,
1240 3065 1304 3097 sed

200 3101 304 3142 plane
319 3100 475 3153 fallacia
491 3123 501 3142 ‚
528 3108 568 3135 Θ
593 3105 627 3137 in
647 3108 782 3150 epistol.
801 3110 1039 3143 CXXXVIII.
1058 3121 1133 3154 cap.
1155 3120 1185 3141 2.
1213 3109 1303 3154 Quis

203 3154 336 3199 antem,
361 3156 432 3187 ait,
467 3150 518 3181 vel
536 3153 614 3199 ’risu
629 3153 778 3195 'dignum
802 3168 865 3187 non
888 3165 1010 3199 putet,
1045 3157 1133 3200 qued
1158 3157 1304 3200 Apollo-

202 3197 293 3225 n'ttzm
308 3213 319 3232 ,
345 3196 385 3225 (7
412 3194 618 3241 ApuleJ11711‚
649 3206 844 3242 ceterosque
869 3207 1074 3246 magicarum
1098 3207 1221 3236 artium
1244 3216 1305 3248 pe-

201 3242 395 3271 ritissimos
419 3240 578 3284 conferre
605 3242 747 3275 Christo
764 3266 775 3284 ,
802 3247 851 3278 vel
878 3252 979 3280 etiam
991 3248 1152 3292 praeferre
1179 3262 1304 3283 conan-

204 3292 284 3316 tur?
321 3285 430 3318 sanet.
458 3287 565 3319 etiam
590 3288 643 3320 ,Ἰο-
671 3289 945 3333 Chrysostomus
971 3294 1071 3326 Hom.
1092 3295 1153 3327 111.
1181 3299 1217 3328 in
1243 3296 1306 3329 Ju-

203 3331 294 3362 daeos
320 3331 497 3375 Apollonii
520 3334 692 3369 miracula
719 3336 857 3369 nonnisi
894 3337 1072 3373 mendae-ia
1088 3362 1099 3380 ,
1136 3350 1239 3386 atque
1264 3343 1310 3375 it-

954 131 1355 178 DISSERTATIO
1387 132 1465 175 ΙΙΙ.
1498 132 1627 175 CAP.
1659 132 1740 175 111.

1375 222 1464 260 quae
1496 222 1586 245 vera
1613 217 1699 246 sunt
1727 207 1776 245 ab
1803 207 1873 246 illo
1915 209 2116 250 mirabilia
2157 207 2258 249 facta
2280 240 2291 259 ,
2335 221 2380 248 ea
2409 220 2485 249 esse

1374 262 1560 298 daemonis
1589 261 1687 308 arti,
1733 260 1768 296 St
1796 263 1974 312 potentia
2004 264 2234 310 tribuenda3
2277 271 2419 302 constat
2448 276 2485 299 e-

1374 315 1455 351 nim
1496 327 1585 350 eum
1629 314 1819 365 insignem
1864 314 1977 352 fuisse
2021 330 2174 367 magum
2193 347 2203 364 ‚
2266 316 2486 368 mijusmodi

1374 367 1488 404 fuisse
1517 379 1595 404 non
1627 379 1766 418 paucos
1795 381 1838 406 ea
1868 375 1979 405 aetate
2008 375 2162 405 testatur
2203 369 2359 408 historia
2388 368 2452 420 (ιι)
2476 395 2487 406 .

1372 420 1534 458 Videtur
1561 421 1707 472 quippe
1735 419 1908 468 daemon,
1937 421 2006 473 qui
2029 420 2103 458 Dei
2133 423 2287 459 simiam
2317 424 2422 474 agit,
2451 421 2486 457 8:

1373 473 1612 524 transfigurat
1641 485 1678 510 se
1707 473 1749 509 iu
1765 473 1952 524 Angelum
1981 473 2078 511 lucis
2096 504 2106 520 ‚
2139 473 2414 525 Apollonium,
2445 489 2486 512 a·

1372 526 1519 578 liosque
1548 538 1676 576 magos
1703 537 1748 560 eo
1791 533 1960 579 tempore
2007 527 2229 573 suscitasse,
2272 536 2313 564 ut
2340 528 2486 566 Christi

1373 577 1563 617 mira-cula
1590 579 1838 626 obscuraret,
1879 594 1924 617 ac
1953 589 2090 617 sanctae
2120 577 2291 630 ejusdem
2331 581 2489 632 religio-

1371 633 1429 669 nis
1460 632 1721 683 propagationi
1749 631 1948 670 obstacula
1977 641 2159 684 poneret.
2206 631 2310 670 Deus
2353 642 2486 670 autem

1373 685 1412 722 id
1442 686 1647 736 permisit,
1695 693 1736 721 ut
1764 683 1901 723 electos
1929 686 2048 738 magis
2090 694 2273 734 attentos,
2321 699 2367 724 ac
2399 699 2487 738 pro-

1370 738 1478 776 batos
1509 737 1678 775 redderet
1697 760 1708 769 ·
1902 783 1906 786 .

1429 790 1516 829 188.
1547 790 1737 828 Postremo
1778 791 1993 830 maximum
2036 793 2132 830 inter
2175 792 2387 831 Dominum
2418 791 2482 830 Je-

1368 857 1452 882 sum
1473 843 1665 882 Christum
1688 874 1699 892 ,
1728 843 1763 880 8t
1783 843 2035 896 Apollonium
2063 854 2221 898 apparet
2248 846 2480 894 discrimen,

1368 897 1429 936 vel
1456 911 1504 935 ex
1534 910 1577 934 eo
1604 897 1711 946 solo,
1748 898 1849 950 quod
1881 897 2013 949 religio
2042 898 2090 936 ab
2121 911 2165 934 eo
2194 898 2349 936 fundata
2378 912 2479 936 sem-

1368 963 1438 1001 per
1459 952 1577 1001 magis
1594 981 1605 998 ,
1634 951 1832 1003 magisque
1847 952 1992 999 crevit,
2023 965 2066 990 ac
2095 951 2141 988 de
2162 952 2294 999 vario,
2325 951 2358 987 St
2380 951 2482 989 mul-

1368 1000 1679 1054 tiplici‘hostium
1698 1017 1830 1056 genere
1851 1004 2001 1042 tandem
2024 1004 2169 1055 ubique
2185 1004 2323 1043 victrix
2342 1005 2481 1041 trium-

1369 1056 1530 1109 phavit.
1559 1058 1698 1095 Contra
1727 1065 1853 1095 autem
1875 1057 2070 1109 Apollonii
2092 1057 2251 1095 cultores
2280 1071 2350 1095 nee
2379 1055 2484 1095 mul-

1371 1111 1400 1147 ti
1429 1122 1472 1146 eo
1501 1111 1648 1148 vivente
1678 1111 1860 1159 fuerunt,
1898 1125 1967 1149 nec
1999 1120 2081 1162 post
2110 1109 2192 1162 ejus
2223 1119 2385 1148 mortem
2416 1123 2486 1147 au-

1370 1164 1420 1200 cti
1450 1171 1553 1209 suut,
1584 1176 1653 1200 nec
1682 1164 1839 1200 demum
1868 1164 1935 1201 diu
1964 1162 2046 1214 ejus
2062 1175 2159 1201 secta
2190 1165 2363 1202 duravit.
2392 1164 2485 1201 Cer-

1372 1224 1406 1251 te
1434 1215 1656 1252 Lactantius
1684 1228 1773 1253 saec.
1793 1216 1862 1253 IV.
1891 1217 1944 1254 ita
1973 1217 2132 1255 fidenter
2148 1216 2366 1255 Hieroclem
2398 1229 2486 1268 pro·

1373 1280 1509 1304 vocare
1538 1279 1611 1304 non
1641 1267 1830 1305 dubitavit
1851 1269 1939 1306 Lib.
1961 1269 2012 1306 V.
2042 1268 2174 1306 Dlvt'n.
2203 1274 2296 1307 inst.
2317 1284 2404 1321 cap.
2427 1269 2484 1307 5.:

1373 1332 1444 1356 cur
1472 1323 1590 1371 igitur·
1611 1349 1621 1368 ,
1659 1333 1683 1357 o
1713 1319 1882 1357 delirum
1912 1329 2054 1371 caput,
2084 1334 2203 1359 nemo
2233 1321 2485 1364 Apollonium

1373 1385 1443 1423 pro
1472 1372 1560 1410 Deo
1589 1371 1719 1411 colit?
1759 1371 1852 1410 ch‘si
1868 1371 1985 1425 forte
2013 1382 2053 1409 tu
2081 1374 2185 1411 solus
2202 1403 2212 1422 ,
2243 1374 2309 1411 illo
2337 1375 2486 1412 scilicet

1372 1425 1463 1463 Deo
1492 1426 1635 1479 dignus
1656 1456 1666 1475 ,
1710 1439 1802 1463 cum
1831 1440 1905 1477 quo
1949 1436 2134 1478 perpetuo
2163 1435 2202 1465 te
2232 1440 2344 1465 cerus
2373 1426 2487 1464 Deus

1371 1482 1506 1531 puniet
1524 1506 1534 1517 .
1565 1479 1714 1532 Nempe
1744 1479 1806 1519 hic
1828 1481 2092 1532 usurpandum
2122 1489 2177 1517 est
2207 1479 2304 1518 illud
2334 1481 2486 1531 sapiens

1372 1532 1602 1570 Gamalielis
1643 1533 1883 1585 principium
1917 1532 2043 1572 Δᾶον.
2067 1531 2115 1570 V.
2146 1532 2211 1572 38.
2260 1532 2302 1571 Si
2344 1541 2401 1571 est
2431 1545 2487 1571 ex

1374 1584 1595 1624 hominibus
1623 1587 1833 1625 consilium
1851 1587 1945 1635 lzoc,
1976 1596 2047 1624 aut
2074 1600 2195 1637 opus,
2225 1586 2455 1625 dissolvetur
2471 1601 2488 1631 ,-

1373 1643 1407 1676 si
1435 1653 1524 1678 cero
1553 1653 1606 1678 ex
1637 1639 1725 1679 Deo
1753 1649 1840 1690 est,
1883 1654 1963 1678 non
1991 1645 2166 1692 poteritis
2203 1640 2413 1679 dissolvere
2440 1640 2488 1678 il-

1376 1692 1441 1730 lud
1470 1692 1528 1745 (b)
1547 1720 1558 1732 .

1434 1747 1523 1800 189.
1553 1746 1646 1799 Obj.
1668 1748 1706 1793 4.
1738 1749 1908 1801 Apostoli
1929 1757 2129 1801 potuerunt
2158 1749 2196 1787 in
2224 1761 2393 1787 errorem
2414 1746 2487 1786 hoc

1376 1800 1490 1838 modo
1519 1800 1678 1839 induci.
1723 1802 1888 1848 Quando
1915 1801 2100 1854 Josephus
2137 1802 2186 1839 ab
2219 1799 2452 1841 Arimathaea
2475 1831 2487 1849 ‚

1377 1853 1411 1889 8<
1439 1854 1673 1892 Nicodemus
1713 1854 1911 1893 Christum
1953 1855 2002 1892 de
2036 1855 2160 1892 Cruce
2203 1855 2485 1905 deposuerunt,

1378 1907 1530 1945 fortasse
1559 1921 1649 1946 eum
1677 1907 1804 1946 adhuc
1834 1910 1970 1948 vivum
1991 1909 2192 1948 invenere.
2223 1907 2301 1945 Nec
2322 1907 2490 1958 suspicio

1378 1960 1448 1997 ista
1478 1959 1723 1998 fundamento
1752 1971 1881 2006 caret;
1924 1962 2068 1999 Joanne
2110 1963 2216 1999 enim
2246 1959 2490 2011 Evangelista

1377 2012 1560 2049 referente
1589 2026 1677 2064 cap.
1697 2012 1809 2050 XIX.
1840 2013 1904 2052 52.
1934 2013 2096 2050 latrones
2113 2043 2124 2061 ,
2161 2014 2230 2064 qui
2259 2027 2350 2050 cuni
2377 2011 2491 2050 Chri-

1377 2074 1430 2102 sto
1460 2066 1608 2103 fuerant
1635 2065 1844 2113 crucifixi,
1887 2065 2059 2103 nondum
2087 2066 2230 2104 mortui
2276 2074 2412 2111 eraut3
2455 2064 2491 2101 ὃς

1377 2127 1418 2155 ut
1447 2127 1599 2156 testatur
1628 2118 1668 2156 S.
1698 2118 1857 2157 Marcus
1883 2118 1974 2156 XV.
2005 2118 2072 2165 44.
2116 2118 2269 2157 Pilatus
2311 2117 2493 2156 miraba-

1378 2179 1441 2207 tur
1458 2201 1469 2220 ‚
1498 2175 1532 2208 si
1554 2172 1651 2223 jam
1679 2170 1834 2209 obiisset
1851 2197 1863 2209 .
1891 2171 2033 2224 Joseph
2062 2186 2171 2224 ergo,
2202 2172 2237 2209 &
2255 2171 2492 2211 Nicodemus

1378 2223 1575 2262 Christum
1596 2224 1790 2276 sepultum
1811 2224 2071 2274 simularunt,
2092 2227 2216 2278 reipsa
2235 2234 2362 2264 autem
2383 2239 2492 2263 eum-

1377 2277 1465 2316 dem
1494 2277 1678 2316 abscondi
1707 2292 1826 2330 quam
1853 2277 2142 2330 diligentissime
2169 2288 2377 2317 curarunt:
2419 2280 2490 2316 ita-

1376 2344 1451 2382 que
1479 2330 1651 2369 Christus
1679 2332 2053 2370 medicamentorum
2094 2345 2165 2384 ope
2195 2333 2384 2370 restitutus
2401 2362 2411 2379 ‚
2455 2331 2491 2367 δέ

1375 2397 1444 2435 per
1471 2383 1638 2422 occultas
1667 2383 1862 2422 coenaculi
1906 2385 2004 2422 fores
2032 2386 2081 2424 ad
2111 2385 2331 2438 Discipulos
2374 2387 2492 2424 intro-

1376 2437 1534 2485 ductus,
1567 2437 1620 2474 eis
1649 2437 1844 2477 redivivus
1864 2439 1967 2476 visus
1988 2446 2061 2476 est.
2092 2437 2263 2476 Profecto
2281 2439 2323 2476 S.
2350 2436 2491 2475 Matth.

1377 2489 1505 2528 XVII.
1534 2490 1601 2529 62.
1632 2490 1667 2526 &
1695 2504 1774 2543 seq.
1819 2491 1940 2539 dicit,
1983 2492 2135 2529 nonnisi
2164 2491 2284 2529 altera
2312 2490 2375 2528 die
2412 2498 2494 2541 post

1377 2541 1610 2582 Parasceven
1641 2542 1838 2597 Principes
1880 2544 2156 2591 Sacerdotum,
2204 2544 2240 2580 &
2281 2542 2490 2581 Pharisaeos

1376 2597 1525 2649 pet-iisse
1553 2612 1577 2634 a
1596 2595 1745 2646 Pilato,
1776 2606 1816 2635 ut
1844 2596 1995 2649 juberet
2027 2597 2209 2636 custodiri
2243 2595 2489 2648 sepulcrum:

1376 2649 1436 2688 illi
1465 2659 1592 2688 autem
1621 2651 1824 2702 impetrata
1864 2650 2036 2688 militum
2077 2649 2248 2688 custodia
2292 2650 2491 2700 signarunt

1376 2702 1596 2757 sepulcrum
1615 2733 1625 2752 ,
1656 2704 1720 2742 sed
1751 2716 1916 2741 vacuum
1947 2702 2035 2753 (c).

1434 2770 1523 2810 ³90.
1554 2756 1664 2809 Resp.
1693 2755 1804 2795 Nihil
1822 2768 1900 2794 esse
1920 2755 1958 2793 in
1972 2764 2048 2795 tota
2063 2754 2134 2794 hac
2149 2754 2329 2795 machina
2345 2786 2357 2805 ,
2385 2755 2490 2809 quod

2403 2824 2438 2852 Sl.

1371 2877 1522 2911 lusiones
1548 2877 1654 2911 fuisse
1678 2876 1827 2910 asserit.
1852 2876 1935 2911 vid.
1959 2877 2093 2922 pariter
2118 2876 2153 2911 S.
2181 2877 2422 2922 Hieronymus
2445 2886 2487 2909 e—

1371 2925 1454 2969 pist.
1480 2925 1541 2958 Ad
1565 2924 1741 2957 Paulinum
1767 2925 1857 2957 Llll.
1886 2925 1928 2957 Τ.
1957 2926 1983 2957 Ι.

1420 2973 1468 3011 (b)
1498 2971 1549 3004 De
1575 2970 1750 3014 Apollonii
1777 2970 2006 3015 imposturis„
2030 2980 2159 3015 praeter
2178 2970 2306 3004 eitatos
2320 2969 2394 3013 jam
2409 2968 2483 3001 Eu·-

1372 3016 1533 3058 sehium,
1558 3017 1773 3050 laetantium
1789 3038 1800 3056 ,
1827 3021 1858 3050 ἃ
1884 3017 2045 3051 Photium
2063 3039 2074 3058 ,
2100 3016 2210 3050 videri
2239 3025 2381 3061 possunt
2401 3013 2480 3045 Til-

1372 3063 1559 3098 lemontius
1586 3063 1688 3096 Toni.
1707 3063 1751 3095 Η.
1770 3063 1907 3097 Hister.
1925 3066 1989 3098 des
2009 3064 2147 3109 Emper.
2163 3085 2174 3104 ,
2201 3062 2376 3106 Dupinius
2394 3058 2481 3091 diss·

1374 3123 1430 3143 sur
1454 3110 1641 3144 l'histoire
1665 3110 1912 3153 &Apollonias
1937 3117 2145 3144 convaz'ncne
2170 3112 2214 3143 de
2244 3108 2410 3151 faussete'
2445 3105 2483 3137 in

1377 3168 1430 3189 12.
1457 3156 1625 3190 Bar-onius
1652 3154 1694 3188 ad
1720 3168 1801 3188 ann.
1828 3157 1962 3190 Christi
1983 3159 2039 3191 88.
2066 3157 2222 3199 Scaliger
2248 3155 2282 3185 in
2310 3152 2483 3185 Eusebia-

1372 3207 1429 3235 nis
1455 3214 1589 3236 nurner.
1615 3203 1697 3245 278·
1713 3225 1724 3243 ,
1751 3203 1899 3237 Huetius
1926 3204 1961 3237 in
1987 3203 2289 3238 Demonstratione
2309 3198 2480 3243 Evangel.

1372 3249 1542 3294 Proposit.
1568 3249 1629 3282 IX·
1657 3260 1732 3293 cap.
1765 3250 1842 3294 147.
1871 3254 1901 3283 8<
1928 3251 1988 3284 alii
2015 3248 2210 3282 innumeri.

1427 3302 1474 3333 (c)
1503 3295 1610 3328 Mitto
1642 3295 1863 3339 paradoxum
1884 3296 2125 3335 Mahumetis‚
2161 3294 2221 3339 qui
2248 3294 2284 3327 in
2309 3293 2483 3327 Alcon-ano

1377 3349 1591 3376 commentus
1617 3350 1694 3383 est,
1720 3343 1828 3378 alium
1853 3344 1930 3379 loco
1955 3342 2088 3379 Christi
2114 3341 2221 3376 fuisse
2247 3337 2484 3378 crucifixum,
