2564 3706
669 135 1072 185 DEMONSTARI
1105 135 1370 190 POTEST,
1403 132 1577 176 DEUM
1611 130 1787 174 ESSE.
2280 127 2306 170 5

142 248 203 288 ¹9.
232 232 403 284 Objicies
438 243 471 269 ι.
502 232 517 281 (
547 243 636 269 cum
667 228 804 267 Socino
832 229 871 265 in
894 222 1074 263 Praetefl.
1105 237 1191 275 cap.

85 301 122 327 2.
160 289 176 337 )
219 287 424 337 Religionis
471 293 605 321 nostrae
648 283 822 333 dogmata
864 293 941 317 non
984 276 1192 315 rationibus

81 341 307 387 monstrari,
336 338 400 376 sed
430 337 568 375 humili
598 337 733 374 mentis
772 334 956 385 obsequio
983 330 1114 370 credi,
1159 329 1192 364 ἃ

86 392 236 430 adorari
265 392 428 437 debent3
457 392 562 442 atqui
593 390 764 441 primum
783 418 792 435 ,
835 401 879 424 ac
910 382 1193 424 fundamentale

81 443 291 497 Religionis
319 453 454 482 nostrae
484 444 621 494 dogma
650 451 701 480 est
724 441 903 487 credere,
934 439 1060 476 Deum
1091 448 1192 473 esse:

79 509 169 549 ergo
209 496 282 536 &c.
330 495 460 548 Major
488 506 540 534 est
570 504 671 534 certa
714 496 910 547 praecipue
939 491 986 529 ad
1022 498 1187 528 mentem

83 549 400 598 Thomistarum‚
442 551 510 602 qui
542 557 704 600 negant,
748 560 855 599 posse
885 546 1000 583 fidem
1030 557 1119 580 cum
1149 556 1188 577 e-

79 604 246 641 videntia
275 605 474 654 componi.
524 602 654 640 Minor
696 611 820 639 autem
851 599 964 651 prob.
1000 611 1033 634 ι.
1062 609 1107 633 ex
1139 596 1188 632 A·

79 656 222 708 postolo
253 656 386 693 Haebr.
417 656 487 694 XI.
517 656 556 694 6.
571 656 747 693 dicente:
778 653 871 691 Sine
890 651 985 704 fide,
1009 652 1188 696 impossi-

80 708 155 746 bile
183 719 241 747 est
270 710 429 760 placere
458 708 574 747 Deo:
613 709 775 746 credere
804 711 912 745 enim
942 711 1086 752 oportet
1119 711 1189 738 ac-

79 761 289 800 cedentem
319 762 374 800 αλ
402 762 534 800 Deum
554 793 563 810 ,
607 766 699 813 quia
731 770 787 800 est
806 787 816 797 .
859 756 1033 797 Secundo
1060 766 1103 790 ex
1139 755 1188 789 A·

77 815 314 866 postolorum
343 815 546 868 symbolo,
585 815 696 867 cujus
725 817 873 865 primus
903 806 1084 848 articulus
1112 815 1188 843 est:

82 865 208 905 Cre.lo
235 872 277 906 in
298 868 431 906 Deum
453 869 616 907 Patrem
640 868 872 905 Creatorem
901 862 991 899 cceli
1007 889 1017 907 ,
1046 859 1188 898 &ter-

79 931 169 965 rae;
197 929 310 974 atque
339 922 423 960 haec
455 922 544 960 fidei
574 921 756 960 confessio
785 931 858 956 non
879 914 1000 953 solum
1031 927 1052 949 a
1081 911 1187 948 rudi-

77 972 178 1022 bus,
225 976 289 1013 sed
317 976 431 1013 etiam
461 990 483 1012 a
513 972 714 1024 Theologis
743 971 933 1021 exigitur.
982 965 1113 1002 Tertio
1141 978 1186 1003 ex

77 1025 119 1063 S.
150 1026 379 1074 Athanasio,
409 1027 476 1079 qui
505 1027 545 1064 in
575 1026 683 1078 epist.
715 1025 744 1062 Ι.
775 1024 829 1062 ad'
852 1022 1114 1071 Serapionem
1142 1031 1184 1056 n.

81 1091 147 1117 20.
175 1079 375 1118 Divinitas
392 1109 403 1127 ,
447 1080 570 1132 iuquit
587 1109 597 1126 ,
639 1091 719 1115 non
749 1077 1092 1115 demonstratione
1120 1085 1188 1109 ra·

79 1135 234 1170 tionum
269 1132 466 1181 traditur,
509 1132 578 1170 sed
593 1131 712 1184 fide,
759 1131 809 1171 (9³
838 1133 905 1179 pia
948 1130 1189 1180 cogitatione

79 1197 174 1246 cum
215 1186 430 1239 religione.
478 1186 625 1234 Quarto
661 1198 707 1223 ex
735 1184 775 1223 S.
807 1183 1041 1233 Augustino,
1088 1180 1155 1231 qui
1178 1208 1190 1227 ,

78 1237 168 1276 Lib.
197 1237 267 1276 XI.
296 1240 343 1277 de
365 1238 530 1277 Cit'itate
548 1237 654 1287 Dei,
685 1253 770 1292 cap.
793 1237 830 1284 4.
851 1238 930 1275 Tit.
952 1235 1039 1276 VII.
1068 1233 1193 1272 Mam-

79 1288 202 1353 ἀξίνη,
229 1293 376 1345 inquit,
406 1305 493 1332 esse
513 1296 803 1344 conspicimus,
833 1290 969 1329 Deum
999 1300 1085 1326 esse
1105 1300 1190 1325 cre·

79 1343 235 1382 dimus.
266 1346 433 1384 Demum
455 1360 499 1385 ex
515 1346 712 1385 Clemente
728 1344 1008 1391 Alexandrino,
1028 1342 1094 1393 qui
1118 1341 1193 1378 fre-

75 1406 235 1448 quenter
263 1400 300 1436 in
329 1399 440 1438 libris
470 1400 723 1439 Stromatum
751 1400 886 1447 docet,
924 1397 1054 1435 Deum
1084 1407 1189 1442 esse,

78 1450 153 1488 fide
174 1451 276 1489 credi
295 1461 488 1505 oportere,
518 1456 663 1492 ratione
683 1452 935 1492 demonstrari
963 1462 1039 1488 non
1060 1461 1188 1500 posse.

136 1516 200 1541 20.
233 1503 343 1557 lies-p.
386 1506 427 1544 S.
470 1507 640 1545 Thomas
683 1508 713 1545 Ι.
743 1505 784 1544 P.
814 1520 854 1557 q.
896 1512 967 1542 art.
1007 1515 1044 1540 2.
1074 1501 1121 1538 ad
1156 1513 1190 1537 ι.

81 1554 216 1594 Deum
245 1569 331 1594 ⁶553
349 1588 361 1606 ‚
397 1560 447 1600 <9¹
477 1561 563 1597 alia
593 1558 815 1611 ejusmodi,
852 1569 941 1607 quae
969 1567 1038 1606 per
1066 1557 1189 1591 ratio-

76 1621 173 1646 nem
203 1612 435 1650 naturalem
477 1622 574 1650 nota
603 1621 764 1660 possunt
801 1624 887 1647 esse
915 1609 964 1645 de
992 1608 1108 1652 Deo,
1151 1614 1193 1641 ut

80 1661 221 1699 dicitur
251 1662 366 1699 Rom.
397 1664 450 1711 L,
494 1677 574 1700 non
603 1675 691 1700 esse
737 1661 927 1699 articulos
944 1657 1078 1710 fidei,
1120 1656 1192 1692 sed

78 1714 326 1775 praeambula
356 1716 412 1753 (ΠΖ
440 1717 652 1760 articulos‚·
680 1727 816 1765 nempe
836 1710 1008 1764 respetiu
1037 1716 1190 1755 eorum,

78 1781 148 1819 qui
178 1767 316 1807 horum
345 1770 701 1808 demonstrationem
722 1767 891 1804 habent.
921 1762 1031 1802 Nihil
1051 1772 1193 1800 tamen

77 1819 249 1870 probibet
269 1851 280 1870 ,
310 1822 437 1860 subdit
468 1821 703 1875 Angelicus,
734 1819 854 1866 illusi,
883 1817 983 1869 quod
1002 1821 1044 1854 in
1073 1829 1116 1853 se
1135 1823 1194 1852 est

81 1872 416 1923 demonstrabile,
446 1876 496 1915 (θ’
525 1874 683 1922 scibile,
724 1872 775 1911 ab
805 1873 939 1922 aliquo
967 1872 1123 1922 accipi,
1153 1876 1196 1905 ut

80 1925 383 1977 credibilesque·
412 1927 797 1966 demonstrationem
827 1938 908 1962 non
937 1927 1072 1973 capit.

139 1992 202 2016 21.
234 1979 433 2031 Apostolus
462 1990 589 2018 autem
606 1980 728 2031 Helor.
756 1979 828 2016 XI.
859 1978 1028 2029 loquitur
1056 1976 1102 2013 de
1131 1987 1203 2013 co·-

80 2032 248 2082 gnitioue
275 2033 379 2081 Dei,
422 2045 497 2071 non
525 2033 649 2072 solum
681 2041 806 2084 >prout
833 2030 964 2081 austor
1003 2037 1056 2067 est
1083 2037 1192 2066 natu-

82 2097 138 2122 τω
156 2114 167 2132 ,
197 2084 259 2122 sed
289 2087 403 2124 etiam
422 2117 432 2136 ,
463 2088 582 2125 immo
611 2084 733 2124 multo
761 2085 883 2136 magis
913 2092 1024 2135 prout
1052 2090 1104 2120 est
1125 2095 1191 2119 au-

81 2136 160 2174 stor
188 2140 349 2188 gratiae,
379 2140 412 2176 ἃ
442 2140 599 2192 largitor
627 2138 761 2191 gloriae
783 2168 794 2186 ,
823 2137 1016 2189 quomodo
1046 2135 1193 2173 nonnisi

79 2203 149 2245 per
178 2191 444 2231 revelationem
475 2193 699 2232 innotescit.
729 2192 917 2243 Loquitur
946 2191 1050 2227 enim
1080 2188 1124 2225 de
1146 2186 1194 2225 il-

83 2242 121 2279 la
150 2242 225 2281 fide
253 2245 432 2296 salutari,
461 2250 548 2285 sine
576 2259 655 2297 qua
685 2243 920 2295 impossibile
949 2251 1007 2280 est
1034 2242 1195 2291 placere

80 2294 198 2344 Deo,
229 2295 263 2332 ἆ
292 2313 360 2351 per
387 2314 506 2352 quam
535 2309 680 2339 veteres
709 2295 940 2335 Patriarchae
970 2295 1193 2347 justificati,

81 2347 116 2410 ἕξ
146 2348 279 2389 salvati
307 2362 416 2400 sunt3
459 2367 547 2407 quae
577 2361 676 2391 certe
704 2351 799 2389 fides
840 2359 892 2388 est
927 2356 1197 2400 supernatura-

81 2400 175 2463 hs,-
193 2402 228 2439 &
259 2404 372 2445 habet
400 2420 471 2460 pro
499 2405 650 2459 obje&o
676 2405 807 2444 Deum
834 2404 967 2456 gratia:
999 2400 1033 2436 &
1060 2400 1194 2453 glorias

79 2452 298 2506 largitorem
321 2485 332 2497 .

104 2560 112 2567 ·
139 2520 202 2545 22·
233 2511 338 2549 Idem
378 2513 588 2553 dicendum
617 2521 672 2552 est
700 2512 746 2551 de
774 2512 903 2563 primo
932 2506 1104 2556 svmboli
1135 2519 1195 2545 ar-

84 2560 230 2608 uculo,
260 2563 327 2601 ubi
357 2567 481 2602 statim
512 2567 686 2603 additur:
734 2564 929 2610 Patrem,
950 2556 1072 2613 'quod
1101 2560 1195 2597 duo-

79 2610 154 2650 bus
183 2615 306 2652 modis
333 2626 450 2667 potest
480 2617 674 2668 intelligi,
717 2615 895 2653 videlicet
922 2614 984 2652 vet
1023 2611 1194 2664 respectu

79 2673 277 2728 nostrum,
305 2668 449 2722 quibus
478 2683 547 2722 per
573 2671 736 2720 gratiam
767 2669 898 2706 datum
929 2674 1012 2712 est,
1052 2674 1099 2700 ut.
1111 2664 1196 2716 filii

71 2716 165 2768 pez
184 2724 438 2759 nominemur
453 2752 464 2770 ,
483 2723 534 2763 &
553 2727 678 2760 simus
700 2723 714 2772 (
731 2722 842 2773 epist.
864 2721 893 2757 I.
915 2718 955 2756 S.
971 2718 1107 2755 Joann.
1124 2718 1194 2755 111.

84 2783 122 2830 ¹5
141 2770 158 2818 )
180 2772 249 2831 *vel
278 2775 324 2812 ad
345 2775 618 2827 designandam
641 2776 807 2828 primam
837 2772 1084 2811 sanfflssimae
1104 2770 1194 2807 Tri-

81 2833 208 2884 nitatis
238 2839 462 2878 personam,
511 2830 611 2868 unde
639 2837 769 2882 postea
810 2828 850 2864 in
881 2825 998 2863 altero
1027 2822 1194 2862 svmboli

83 2877 248 2935 articulo
274 2880 477 2920 subditur:
505 2884 554 2923 ἴθ’
583 2887 625 2920 in
653 2882 790 2920 lesum
824 2879 1019 2917 Christum
1045 2870 1193 2914 'tilium

81 2941 168 2980 ejus
197 2935 358 2971 unicum
389 2936 403 2985 (
428 2937 556 2974 confer
575 2935 862 2976 catechismum
897 2932 1009 2970 Rom.
1039 2931 1084 2968 de
1113 2930 1192 2982 pri·

79 2995 149 3022 mo
175 2985 344 3036 symboli
373 2989 534 3027 articulo
563 2990 578 3039 )

137 3036 203 3076 25.
232 3039 338 3077 Idem
366 3042 481 3080 etiam
509 3043 658 3082 dicatur
686 3043 732 3082 de
752 3041 794 3081 S,
814 3040 1022 3080 Athanasio
1040 3068 1050 3087 ,
1080 3048 1196 3089 quem

133 3186 182 3221 (α)
210 3186 416 3221 Aristoteles
443 3189 520 3224 Lib.
541 3191 566 3222 1.
592 3192 848 3224 Anatitscorzzm
874 3189 1098 3231 posteriorum
1124 3192 1199 3225 cap.

85 3235 119 3258 π’
145 3241 285 3280 &ecesse
323 3245 400 3275 ΕΠ,
439 3236 577 3279 inquit,
613 3239 914 3269 demonstratiumn
950 3234 1129 3266 scientium
1154 3240 1197 3261 ex

86 3283 178 3308 ‘'er‘'
203 3290 280 3315 ⁶³⁸⁶
297 3302 309 3323 2
337 3285 378 3315 (9-
403 3286 549 3325 prinus,
587 3286 627 3317 ΕΞ·
653 3285 860 3317 immediatis
876 3302 888 3322 ‚
915 3285 954 3314 (7-
982 3277 1170 3313 notioribus
1187 3295 1198 3315 ‚

1259 223 1466 274 plusquam
1510 228 1654 257 certum
1685 225 1736 255 est
1766 216 1821 254 ibi
1865 229 1974 267 agere
2016 216 2062 254 de
2091 215 2206 262 Deo,
2254 220 2366 264 prout

1261 274 1548 326 comprehendit
1578 271 1775 309 Trinitatis
1819 271 2069 320 mysterium.
2115 268 2302 319 Reprimit
2330 279 2368 301 e·-

1262 332 1340 367 nim
1372 322 1803 366 Pneumatomachorum
1834 320 2077 371 vitilitig-mdi
2107 321 2368 373 pruriginem,

1262 385 1328 433 qui
1347 413 1357 430 ,
1387 390 1427 419 nt
1455 379 1621 432 Spiritus
1650 374 1778 414 Saneti
1808 375 2045 413 divinitatem
2077 376 2368 425 impugnarent,

1262 437 1391 487 plures
1420 444 1608 484 vanasque
1637 431 1677 467 in
1709 428 1833 467 medio
1862 426 2051 479 ponebant
2087 425 2368 477 philosophicas

1255 488 1542 531 cavillatione33
1583 482 1726 537 quibus
1772 479 1931 533 proinde
1974 479 2109 516 merito
2144 479 2368 528 respondet:

1255 542 1478 587 Dis-initiis,
1508 538 1578 577 hoc
1607 545 1659 574 est
1687 536 1862 573 divinum
1893 531 2093 569 Trinitatis
2119 532 2368 582 mysterium,

1255 608 1336 631 non
1366 593 1706 631 demonstratione
1734 588 1823 628 &a
1851 587 2043 624 Caeterum
2072 584 2111 620 8.
2144 583 2368 620 Athanasius

1258 650 1296 685 in
1319 647 1508 698 eie-quenti
1537 643 1605 682 illa
1629 642 1824 680 Oratione
1844 648 1988 677 contra
2011 636 2176 674 Graecos
2198 647 2241 672 ex
2263 648 2367 672 crea-

1256 702 1350 737 turis
1382 700 1519 750 plura,
1548 698 1582 733 ὅῑ
1613 697 1817 734 fortissima
1845 699 2066 744 argumenta
2097 689 2230 736 elicit,
2263 697 2301 725 ut
2332 702 2370 723 e·

1255 755 1381 791 vincat
1398 782 1408 799 ,
1441 752 1565 789 Deum
1597 763 1674 787 esse
1691 776 1702 787 .

1312 805 1376 850 24.
1405 805 1445 842 8.
1475 805 1710 854 Augustinus
1757 813 1834 838 non
1863 799 2013 837 videtur
2057 795 2112 833 ihi
2143 806 2292 833 sumere
2322 793 2368 831 fi-

1256 859 1341 896 dem
1359 887 1370 904 ,
1410 866 1518 907 prout
1547 857 1750 907 opponitur
1778 850 2122 894 demonstrationi3
2165 848 2228 885 sed
2258 855 2370 899 prout

1254 910 1458 962 opponitur
1488 909 1622 946 visioni
1653 906 1872 959 corporali,
1915 918 1992 956 qua
2022 901 2210 940 mundum
2246 899 2370 938 oculis

1254 963 1535 1014 conspicimus,
1566 960 1600 995 ἃ
1628 974 1704 1011 qua
1733 969 1832 996 certe
1861 958 1989 996 Deum
2021 955 2158 993 intueri
2188 966 2264 992 non
2286 965 2370 1004 pos-

1253 1030 1412 1054 sumus.
1462 1012 1645 1065 Respefitu
1687 1013 1802 1048 etiam
1845 1008 2101 1048 multitudiuis
2136 1007 2369 1053 hominum,

1255 1070 1321 1122 qui
1361 1067 1516 1106 subtiles
1551 1065 1882 1104 demonstrationes
1911 1076 1983 1099 uon
2015 1060 2263 1111 intelligunt,
2305 1072 2369 1094 ve-

1257 1136 1297 1160 re
1325 1123 1403 1160 dici
1435 1128 1581 1174 potest,
1629 1118 1678 1157 ab
1709 1118 1755 1157 iis
1785 1116 1918 1154 Deum
1959 1113 2094 1161 credi,
2137 1126 2211 1150 uon
2241 1121 2369 1150 autem

1260 1177 1382 1215 videri
1405 1203 1415 1214 .
2371 1204 2374 1205 ⁷

1316 1230 1380 1268 25.
1409 1229 1584 1267 Clemens
1613 1227 1770 1265 demum
1798 1223 1932 1271 Alex„
1961 1220 1996 1258 ἃ
2025 1220 2179 1258 fortasse
2208 1216 2375 1256 nonnul-

1260 1283 1288 1321 li
1318 1284 1385 1322 alii
1415 1284 1618 1329 dixerunt,
1663 1280 1790 1318 Deum
1831 1273 2081 1315 demonstrari
2124 1285 2195 1310 uon
2232 1283 2339 1322 posse
2361 1299 2372 1317 ,

1259 1337 1403 1376 scilicet
1431 1334 1747 1374 demonstratione
1777 1345 1805 1370 a
1832 1331 1973 1381 priori,
2001 1328 2051 1367 Εἴ)
2080 1338 2148 1377 per
2176 1337 2375 1370 causam,

1259 1405 1377 1443 quam
1407 1389 1526 1429 solam
1556 1401 1687 1427 veram
1717 1386 1751 1422 8(
1782 1384 1980 1437 propriam
2015 1378 2374 1418 demonstrationem

1257 1444 1504 1489 nominabant
1526 1443 1618 1494 (a).
1648 1439 1761 1478 Unde
1781 1438 1884 1475 idem
1904 1435 2079 1473 Clemens
2099 1432 2170 1469 lib.
2191 1429 2241 1468 V.
2265 1429 2374 1467 Stro-

1258 1506 1414 1534 malurn
1443 1496 1638 1534 scientiam
1668 1490 2004 1530 demonstrativam
2031 1485 2187 1531 definit,
2215 1495 2306 1533 quae
2321 1494 2382 1518 ext

1257 1549 1446 1599 prioribus
1476 1555 1660 1592 constat,
1689 1544 1739 1584 (θ’
1769 1539 2022 1579 certioribus:
2065 1537 2100 1572 8<
2130 1544 2255 1586 postea
2284 1534 2376 1572 suh-

1259 1605 1339 1639 dit:
1388 1601 1482 1636 nihil
1513 1607 1570 1635 est
1611 1606 1747 1634 autem
1776 1602 1872 1631 ante
1902 1591 1968 1639 id,
2015 1587 2116 1640 quod
2152 1591 2375 1639 ingenitum

1259 1663 1318 1696 est
1336 1678 1346 1689 .
1376 1651 1658 1689 Demonstratio
1685 1658 1813 1685 tamen
1843 1659 1870 1682 a
1889 1646 2115 1694 posteriori,
2144 1641 2178 1676 8<
2209 1653 2253 1677 ex
2283 1638 2374 1677 effe-

1262 1705 1385 1743 &ibus
1414 1716 1505 1742 vera
1532 1700 1803 1739 demonstratio
1831 1706 1910 1744 est,
1954 1708 2093 1744 nempe
2120 1693 2235 1740 talis,
2282 1705 2373 1744 quae

1261 1759 1527 1797 firmissimam
1556 1755 1596 1792 in
1627 1753 1734 1791 nobis
1763 1751 1886 1802 pariat
1913 1746 2180 1786 certitudinem
2203 1771 2214 1782 .

1319 1811 1384 1849 26.
1413 1810 1503 1848 Inst.
1535 1808 1565 1845 Ι.
1597 1803 1799 1859 Apostolus
1841 1802 2001 1854 loquens
2030 1799 2076 1836 de
2105 1795 2342 1848 Philosophis
2365 1826 2378 1845 ,

1263 1878 1357 1917 quos
1384 1860 1550 1907 naturali
1570 1860 1726 1898 rationis
1754 1857 1901 1895 lumine
1922 1854 2050 1892 Deum
2071 1851 2292 1902 cognovisse
2313 1863 2378 1888 nos

1261 1919 1427 1956 dicimus
1444 1945 1454 1964 ,
1484 1915 1608 1967 inquit
1629 1912 1740 1950 Rom.
1771 1911 1802 1948 1.
1828 1923 1888 1961 ¹9·
1909 1905 2009 1958 quoti
2039 1913 2174 1942 notum
2197 1913 2256 1941 est
2275 1902 2378 1951 Dei,

1262 1968 1527 2021 manifestum
1557 1976 1615 2005 est
1644 1970 1685 2004 in
1714 1965 1819 2008 illis‚·
1861 1962 1974 2000 Deus
2003 1962 2110 1997 enim
2141 1958 2216 1995 illis
2247 1959 2379 1994 mani-

1247 2024 1450 2077 festavit:
1480 2034 1557 2060 non
1586 2019 1741 2058 aliunde
1772 2019 1914 2068 igitur,
1944 2027 2061 2066 quam
2092 2024 2138 2048 ex
2166 2011 2298 2048 divina
2320 2023 2377 2046 re-

1261 2077 1449 2115 velatione
1478 2077 1516 2114 in
1547 2074 1621 2112 Dei
1662 2073 1918 2123 cognitionem
1950 2073 2162 2105 venerunt.
2207 2063 2379 2110 Quamo-

1260 2130 1370 2169 brem
1399 2130 1514 2167 etiam
1536 2126 1576 2165 S.
1598 2125 1756 2177 Prosper
1785 2126 1824 2162 in
1851 2123 1964 2174 epist.
1993 2118 2047 2157 ad
2066 2115 2376 2155 Demetriadem
2414 2156 2421 2163 Ω

1260 2185 1406 2234 negat',
1452 2179 1815 2232 contemplationem
1858 2183 2122 2214 creaturarum
2163 2170 2379 2222 quidquam

1261 2237 1436 2289 prodesse
1465 2234 1514 2273 ad
1555 2231 1856 2284 cognoscendum
1887 2228 2014 2267 Deum
2056 2227 2133 2262 nisi
2162 2235 2343 2260 summus
2365 2250 2376 2269 ‚

1263 2291 1312 2330 ὅ)
1342 2301 1453 2327 verus
1482 2286 1664 2338 agricola
1693 2288 1710 2337 (
1732 2296 1868 2336 nempe
1894 2278 2036 2328 Deus)
2065 2280 2290 2331 potentiam
2317 2277 2378 2312 sui

1263 2346 1390 2393 operis
1420 2339 1637 2379 adhibuerit
1665 2337 1723 2387 (b)
1747 2363 1757 2374 .

1320 2410 1384 2446 27.
1415 2394 1527 2444 Resp.
1550 2422 1562 2441 ,
1613 2392 1708 2429 Haec
1737 2389 1947 2440 Scripturae
1975 2383 2104 2423 Sacrae
2129 2412 2139 2431 ,
2184 2380 2217 2416 &
2245 2377 2377 2418 San&-

1263 2449 1418 2488 Patrum
1448 2445 1547 2485 dista
1576 2458 1654 2482 esse
1683 2441 1933 2493 intelligenda
1963 2450 2034 2475 non
2063 2437 2109 2474 de
2144 2431 2378 2472 revelatione

1264 2517 1382 2550 vera,
1431 2500 1464 2536 8t
1493 2501 1680 2550 propria,
1727 2496 1837 2548 quasi
1864 2495 1942 2530 sine
1980 2489 2049 2528 illa
2078 2500 2151 2526 non
2191 2488 2378 2539 possimus

1264 2565 1365 2595 certo
1393 2565 1617 2606 cognoscere
1634 2581 1644 2599 ,
1674 2550 1802 2588 Deum
1832 2559 1908 2585 esse
1925 2575 1935 2594 ,
1965 2544 2030 2582 sed
2057 2542 2103 2580 de
2132 2539 2276 2579 auxilio
2304 2537 2378 2576 ali-

1263 2623 1341 2662 quo
1369 2608 1526 2655 divino,
1556 2607 1635 2644 sine
1663 2616 1738 2655 quo
1768 2600 1866 2639 nihil
1898 2609 2123 2652 possumus.
2160 2591 2232 2631 Vel
2261 2592 2377 2630 etiam

1262 2673 1558 2713 nonnumquam
1600 2659 1726 2708 agitur
1755 2656 1800 2693 de
1842 2652 2052 2704 cognitione
2081 2646 2155 2686 Dei
2198 2658 2298 2696 pura
2324 2642 2376 2682 ab

1261 2717 1368 2754 omni
1398 2727 1551 2760 errore,
1582 2710 1615 2746 &
1643 2709 1769 2760 quoad
1798 2707 1882 2745 fieri
1903 2712 2040 2757 potest,
2070 2697 2256 2753 perfetta:
2282 2710 2378 2749 qua-

1261 2769 1309 2807 lis
1338 2778 1438 2806 certe
1466 2768 1544 2804 sine
1587 2763 1733 2800 divinae
1772 2758 2010 2798 revelationis
2053 2754 2199 2791 lumine
2240 2749 2375 2789 haberi

1262 2836 1336 2860 non
1368 2829 1483 2872 potest
1501 2845 1510 2856 .
1541 2817 1642 2854 Hinc
1663 2824 1807 2853 veteres
1834 2808 2054 2860 Philosophi
2075 2819 2119 2843 eo
2138 2804 2289 2842 lumine
2309 2803 2374 2840 de·-

1262 2877 1377 2914 stituti
1396 2904 1406 2921 ,
1436 2872 1612 2924 quamvis
1641 2869 1767 2907 Deum
1798 2878 1872 2903 esse
1901 2872 2003 2901 certo
2030 2858 2295 2911 cognoverint,
2333 2856 2378 2893 de

1262 2928 1343 2980 ejus
1370 2935 1495 2963 tamen
1524 2934 1660 2962 natura
1702 2919 1908 2958 admodum
1938 2927 2062 2968 pauca
2096 2918 2377 2964 cognoverunt,

1263 2984 1384 3020 immo
1412 2981 1451 3018 in
1480 2979 1668 3017 maximos
1685 3004 1696 3023 ,
1726 2972 2042 3024 turpissimosque
2071 2977 2215 3003 errores
2232 2993 2243 3012 ,
2279 2962 2379 3014 lapsi.

1265 3044 1350 3073 sunt
1373 3059 1383 3071 .

2260 3067 2325 3107 28.

1268 3183 1306 3212 C*
1335 3178 1507 3220 prioribus
1523 3197 1534 3216 ‚
1559 3178 1601 3208 <9¹
1627 3174 1744 3207 causis
1769 3170 2007 3203 conclusionis
2028 3188 2035 3197 .
2318 3201 2326 3208 ⁸

1318 3227 1365 3264 th)
1390 3225 1468 3258 Alia
1494 3222 1622 3266 ocrim.
1647 3221 1761 3252 Sacrae
1779 3238 1789 3256 ‚
1823 3217 1975 3247 Sanaor.
2003 3212 2146 3244 Patrnm
2177 3207 2252 3240 loca
2277 3204 2374 3237 aflei-t

1267 3272 1386 3306 Esttus
1411 3271 1448 3305 in
1476 3268 1554 3303 Lib.
1579 3268 1606 3301 l.
1634 3266 1891 3301 Sententiarum
1917 3259 1999 3294 dist.
2026 3257 2058 3292 3-
2085 3258 2115 3299 ᾗ·
2140 3254 2173 3289 6·
2203 3300 2209 3301 7
