2564 3706
797 71 1182 121 REFELLI‘I'UR
1213 72 1604 121 TOLERANTIS
1619 106 1632 120 .

79 169 195 198 mum
213 189 225 208 ‚
253 157 304 201 ὢν
328 167 400 209 per·
425 162 557 194 uteros
585 154 829 194 ancillarum
857 171 911 195 ex
939 156 1079 195 iisdem
1109 155 1185 194 Sa-

77 215 327 258 cramentis,
357 219 554 260 tanquam
583 222 638 247 ex
665 213 734 247 riri
762 214 823 248 sui
850 215 1034 254 semine5
1064 209 1097 246 8(
1126 210 1184 247 in—

76 265 135 304 ira
156 280 242 316 cap.
269 263 329 301 15.
359 261 548 300 Ecclesia
574 275 717 301 omnes
742 276 812 314 per·
840 263 1081 313 baptismum
1111 276 1182 314 pa-

74 323 126 356 rit
145 347 156 366 ,
186 320 265 354 sive
293 315 400 367 apud
428 329 497 364 se,
527 315 625 354 idest
652 329 707 353 ex
737 325 847 355 utero
875 330 946 355 suo
963 347 974 365 ,
1003 320 1082 354 sive
1110 329 1182 354 ex·

75 379 141 407 tra
168 381 212 407 se
232 399 244 419 ,
273 368 323 407 de
351 373 503 407 semine
531 373 601 407 riri
629 373 710 417 sui,
745 374 825 408 sire
852 369 900 408 de
928 383 971 408 se
988 400 998 418 ,
1027 373 1106 407 sive
1135 369 1184 408 <le

71 422 223 461 ancilla
240 448 250 460 .
280 421 515 474 Quanquam
545 430 672 460 autem
687 422 727 460 S.
750 424 984 475 Augustinus
1002 437 1074 461 una
1093 436 1181 460 cum

70 474 247 515 Ecclesia
274 475 474 514 Gatliolica
501 475 657 524 docuit,
701 476 828 514 valere
865 477 1100 529 baptismum
1130 475 1180 512 ab

69 528 272 566 Haereticis
299 530 371 567 rite
400 527 582 566 collatum
603 559 614 577 ,
656 543 854 581 nunquam
883 540 1009 568 tamen
1039 537 1103 566 aut
1133 527 1179 565 il-

66 579 132 629 }e,
162 590 227 619 aut
257 581 360 620 ullus
387 580 605 620 Ca-tholicus
634 583 894 631 existimavit,
924 581 1027 621 licite
1056 581 1179 619 abeis

65 635 263 683 conferri,
306 633 366 674 vel
396 633 500 672 licite
542 634 712 688 aliquem
743 649 875 688 posse,
919 637 990 674 nisi
1022 644 1177 686 urgente

67 689 307 734 necessitate,
351 689 455 740 apud
484 701 544 726 eos
571 689 806 741 baptismum
838 689 1033 740 recipere-3
1077 689 1177 725 unde

65 742 243 792 superius
271 739 417 779 dixerat
448 744 463 793 (
491 743 610 793 capit.
637 743 706 790 1.)
739 742 846 779 Sicut
875 755 956 778 non
985 739 1086 780 recle
1102 738 1176 791 fo·

65 796 122 830 ris
150 791 341 842 habetur,
387 794 436 835 &
465 803 606 832 tamen
648 794 837 842 habetur,
878 798 935 831 sic
964 807 1046 832 non
1073 791 1176 831 reite

2 894 6 897 ἢ
52 844 165 897 foris
184 845 305 884 datur
320 876 331 894 ,
360 847 410 888 (ἲ)
429 856 568 886 tamen
588 847 706 885 datur
722 874 733 886 .
762 847 917 897 Excipit
938 846 1060 883 solum
1084 850 1097 896 (
1114 860 1178 883 ca-

65 900 138 952 pit.
162 912 198 938 2.
222 900 237 950 )
267 913 356 938 eum
386 901 578 939 hominem
597 931 608 949 ,
637 913 754 951 quem
771 899 888 951 sorte
917 903 1087 950 coegerit
1104 911 1176 937 ex-

64 961 200 990 trema
239 958 484 1002 necessitas,
527 952 588 991 ubi
633 951 908 999 catholicum,
954 964 1025 1001 per
1054 964 1171 1002 quem

63 1009 232 1055 recipiat
248 1036 260 1055 ,
288 1020 370 1044 non
399 1010 589 1045 invenerit
605 1031 616 1044 .

120 1059 210 1106 154.
236 1060 416 1098 Ceterum
453 1073 522 1098 nec
552 1058 650 1096 illud

61 1124 148 1160 mo,
191 1113 293 1164 quod
321 1113 352 1150 si
382 1111 605 1164 hujusmodi
634 1119 904 1163 argumentum
922 1140 933 1158 ,
976 1110 1039 1148 cui
1069 1109 1170 1147 mul-

57 1173 141 1203 tum
173 1165 257 1205 fidit
283 1164 440 1214 Jurius,
469 1163 621 1217 aliquid
650 1163 815 1212 valeret,
845 1165 884 1201 id
905 1161 1048 1202 valeret
1076 1176 1171 1215 quo-

56 1230 134 1269 que
150 1247 162 1266 ,
192 1226 232 1255 ut
251 1217 518 1269 colligeremus
535 1248 547 1266 ,
577 1218 786 1256 Haeretieos
814 1230 1075 1269 quoscumque
1092 1246 1102 1264 ,
1131 1231 1170 1254 e-

56 1271 152 1308 tiam
182 1271 222 1318 in
253 1272 424 1310 articulis
460 1270 814 1310 fundamentalibus
843 1279 1006 1308 errantes
1024 1299 1034 1318 ,
1077 1271 1171 1322 quin

59 1322 93 1359 8(
123 1323 303 1373 Judaeos,
332 1323 366 1360 &
395 1323 589 1376 Paganos,
627 1322 661 1359 8(
689 1323 829 1361 Atheos
858 1325 939 1375 ipso
968 1324 1006 1361 in
1036 1322 1172 1361 Eccle-

56 1376 124 1414 siae
154 1377 267 1424 sinu,
309 1386 423 1429 atque
453 1379 491 1415 in
527 1376 656 1415 salutis
685 1377 747 1417 via
776 1391 880 1423 esse3
921 1377 1015 1429 quia
1043 1376 1170 1428 bapti-

56 1442 160 1467 smus
187 1431 303 1468 etiam
325 1430 374 1468 ab
395 1431 486 1482 ipsis
514 1439 596 1469 utut
625 1431 864 1483 impiissimis
892 1430 1050 1468 collatus
1068 1460 1078 1478 ,
1109 1444 1170 1469 ra-

55 1489 142 1530 tus,
173 1482 206 1518 8(
226 1482 375 1521 validus
403 1497 554 1536 semper
582 1483 734 1522 habitus
764 1484 863 1530 fuit3
892 1497 1011 1536 quam
1041 1492 1170 1522 tamen

57 1537 361 1575 consecutionem
389 1537 521 1575 Jurius
549 1538 713 1576 minime
743 1536 879 1588 probat
896 1563 907 1575 .

121 1589 209 1628 155.
238 1589 333 1641 Obj.
364 1602 401 1628 2.
431 1590 471 1628 S.
501 1589 643 1628 Paulus
677 1603 710 1627 1.
738 1589 913 1628 Corinth.
945 1590 1010 1628 111.
1046 1602 1104 1627 11.
1134 1590 1169 1627 8(

58 1654 139 1694 seq.
170 1641 495 1680 Fundamentum
524 1642 662 1691 aliud,
704 1644 854 1694 inquit,
896 1655 1016 1681 nemo
1044 1652 1170 1692 potest

53 1707 202 1745 ponere
238 1704 385 1747 proeter
414 1695 480 1744 id,
521 1695 624 1747 quod
657 1699 827 1746 positum
856 1705 939 1745 est,
982 1695 1084 1746 quoti
1111 1705 1168 1734 est

55 1746 237 1786 Christus
256 1748 369 1787 Jesus
386 1776 397 1787 .
427 1748 469 1786 Si
496 1753 581 1799 quis
613 1758 752 1787 autem
781 1748 1075 1801 superaedificat
1104 1763 1167 1787 su-

55 1813 128 1853 ·per
144 1801 471 1853 fundamentum
500 1801 599 1851 hoc,
633 1816 804 1851 aurum,
835 1813 1076 1855 argentum,
1106 1804 1166 1841 la-

56 1853 168 1904 pules
203 1859 430 1907 pretiosos,
471 1855 613 1908 ligna,
642 1854 810 1907 fcenum
828 1886 850 1904 ‚v
880 1856 1068 1909 stipulam
1085 1887 1096 1905 ,
1126 1870 1169 1894 u-

54 1909 338 1960 niuscujusque
375 1921 473 1959 opus
515 1908 779 1961 manifestum
807 1913 881 1947 erit
898 1935 1027 1947 .....
1047 1910 1097 1950 ζῑγ
1126 1923 1168 1946 ιι-

56 1962 337 2012 uiuscujusque
364 1975 486 2011 opus,
515 1963 633 2012 quale
661 1966 711 1999 sit
727 1992 738 2009 ,
768 1966 871 2012 ignis
899 1960 1076 2012 probabit
1092 1989 1102 2000 .
1120 1989 1130 2000 .
1149 1988 1159 2000 .

52 2015 88 2051 si
115 2014 228 2066 cujus
254 2027 350 2065 opus
379 2017 551 2061 arserit,
588 2013 873 2052 detrimentum
900 2018 1100 2065 patietur,
1131 2018 1163 2052 i-

49 2078 122 2117 pse
150 2076 289 2105 autem
317 2067 448 2106 salvus
476 2069 576 2116 erit,
618 2071 676 2105 sic
704 2076 847 2106 tamen
888 2071 1004 2118 quasi
1031 2081 1101 2116 per
1130 2072 1162 2106 ι’-

47 2133 172 2172 gnem
190 2147 201 2159 .
229 2120 288 2159 Ex
316 2135 393 2174 quo
420 2120 506 2159 loco
530 2121 585 2159 sic
614 2121 746 2159 Jurius
774 2120 942 2171 colligit:
979 2121 1159 2172 Superae-

43 2173 247 2212 dificantes
274 2187 390 2226 super
431 2174 724 2212 fundamentum
755 2172 923 2221 Christi,
966 2183 1051 2210 sunt
1080 2173 1159 2210 Do-

47 2225 192 2274 801935
222 2241 359 2276 aurum
376 2257 387 2275 ,
415 2235 614 2277 argentum
630 2255 642 2274 ,
671 2225 705 2261 &
725 2225 871 2276 lapides
892 2227 1044 2277 pretiosi
1074 2235 1159 2264 sunt

43 2279 231 2319 destrinae
261 2294 389 2325 verae3
432 2278 537 2330 ligna
575 2290 690 2326 verO,
732 2278 913 2327 foentun,
957 2278 991 2314 8(
1018 2279 1159 2331 stipula

42 2343 133 2372 eunt
161 2332 345 2372 doetrinae
374 2345 572 2377 erroneae3
614 2332 720 2385 atqui
750 2331 790 2369 S.
820 2331 961 2371 Paulus
989 2346 1157 2384 supcrae-

43 2385 268 2423 dificantem
297 2385 399 2437 ligna
418 2415 429 2433 ,
471 2386 620 2424 foenum
638 2416 648 2434 ,
689 2384 724 2422 &
753 2384 934 2437 stipulam
964 2386 1055 2424 dicit
1083 2385 1157 2424 sal-

47 2438 219 2476 vandum
247 2451 352 2486 esse,
396 2439 450 2476 sic
478 2448 605 2477 tamen
634 2440 744 2491 quasi
773 2452 840 2491 per
869 2440 996 2490 ignem
1015 2469 1025 2485 ,
1069 2453 1158 2491 ergo

44 2490 118 2529 ἃς.
151 2491 304 2529 Addunt
346 2490 467 2544 aliqui
503 2491 538 2528 8(
574 2490 644 2529 illa
685 2491 802 2530 verba
840 2490 949 2531 Rom.
979 2492 1087 2531 XlV.
1119 2494 1156 2530 5.

52 2543 328 2596 Unusquisque
357 2548 398 2581 in
427 2558 497 2582 suo
524 2557 643 2583 sensu
672 2543 846 2582 abundet
862 2558 877 2588 ;
904 2545 1044 2596 quibus
1073 2560 1155 2583 am-

44 2596 153 2651 plam
183 2598 394 2650 unicuique
424 2611 640 2636 concessam
670 2611 747 2636 esse
774 2596 906 2636 volunt
935 2598 1155 2638 facultatem

44 2651 93 2690 de
122 2649 317 2703 Religione
345 2652 555 2699 sentiendi,
585 2659 696 2702 prout
724 2650 903 2689 maluerit
920 2676 931 2689 .

107 2703 195 2742 156.
228 2703 339 2756 Resp.
369 2703 480 2743 Teste
502 2704 543 2743 S.
560 2703 770 2755 Augustino
799 2704 864 2756 (a)
894 2703 1022 2743 locum
1053 2703 1154 2744 1111110

42 2770 123 2796 esse
149 2757 386 2806 obscurum,
416 2756 450 2794 8(
478 2754 672 2796 intellectu
700 2756 924 2797 difficilem:
961 2759 1060 2797 unde
1089 2773 1153 2798 va-

46 2812 117 2850 riae
147 2810 193 2849 de
221 2824 266 2848 eo
294 2820 384 2849 ortae
413 2821 499 2850 sunt
540 2811 836 2864 explicationes.
880 2812 981 2850 Duae
1024 2821 1151 2850 autem

47 2872 135 2902 311111
164 2866 374 2917 praecipuae
391 2894 403 2913 ,
431 2878 525 2917 quas
545 2864 585 2902 S.
606 2864 774 2904 Thomas
794 2878 839 2903 ex
868 2865 1057 2904 veteribus
1076 2866 1152 2904 Ec-

44 2916 176 2955 clesiae
204 2916 379 2961 Patribus
407 2918 654 2970 depromptas
680 2918 834 2958 exhibet
859 2917 1082 2957 Commeat.
1114 2920 1152 2958 in

48 2969 153 3010 hunc
182 2969 256 3009 loc.
285 2969 370 3008 leet.
402 2983 439 3009 2·
469 2969 598 3009 Prima
626 2980 706 3020 est,
743 2982 783 3010 ut
810 2986 879 3024 per
909 2972 1008 3024 ligna
1026 3002 1036 3020 ,
1081 2972 1153 3010 1111-

44 3037 170 3072 num,
212 3022 246 3060 St
274 3022 455 3075 stipulam
485 3022 747 3076 intelligantur
775 3035 928 3079 peccata
958 3024 1152 3074 venialia,

45 3090 138 3129 quae
165 3078 253 3129 igne
277 3078 436 3129 purgari
465 3075 686 3128 debebunt,
734 3093 756 3118 a
783 3078 902 3119 salute
929 3088 1056 3118 tamen
1083 3078 1150 3116 110-

692 1055 1002 1110 praetereundum
1043 1057 1172 1095 existi-

2214 93 2298 137 ¹7⁷

1251 157 1393 194 minem
1421 168 1495 193 non
1525 155 1764 206 impediunt.
1794 153 1925 196 Altera
1944 164 2100 208 autem,
2127 166 2170 198 ut
2198 173 2266 212 per
2285 161 2356 200 ho-

1250 211 1370 248 mines
1388 209 1739 260 superaedificantes
1757 208 1861 259 ligna
1877 240 1887 257 ,
1918 212 2066 250 soeuutn
2083 242 2093 261 ,
2116 212 2150 249 8(
2170 213 2328 266 stipulas
2343 244 2356 263 ‚

1251 263 1279 300 ii
1310 261 1597 312 intelligantur,
1639 262 1707 313 qui
1727 260 1831 313 fitlet'
1859 262 1909 299 ab
1937 265 2132 315 Apostolls
2157 266 2356 317 jundatoe

1250 314 1520 365 superaddunt
1548 319 1590 353 in
1618 312 1799 351 <infirma
1826 316 1902 352 sua
1931 317 2066 367 aliqua
2095 321 2272 369 inutilia,
2302 323 2349 363 ά»

1251 381 1339 418 quoe
1367 382 1448 406 non
1476 377 1566 407 stt-nt
1590 365 1844 418 manifesta,
1886 381 1960 405 nec
1990 375 2163 410 veritatis
2197 378 2353 414 ratione

1239 422 1491 474 firmantur,
1521 421 1590 461 sed
1609 429 1698 458 sunt
1725 433 1833 458 rana
1849 450 1860 469 ,
1889 421 1939 461 (θ’
1959 425 2123 462 inania.
2153 424 2266 464 Porro
2285 427 2354 466 ho-

1250 477 1370 513 mines
1401 474 1746 528 superaedificantes
1774 474 1904 526 ligna,
1947 474 2126 524 foenum,
2169 478 2202 513 8:
2233 482 2351 532 stipu-

1247 528 1302 565 las
1323 558 1333 576 ‚
1365 526 1561 568 haereticos
1588 541 1666 566 esse
1694 541 1767 565 non
1795 541 1900 579 posse
1918 557 1928 575 ,
1959 527 2019 565 vel
2048 542 2093 566 ex
2117 542 2165 567 eo
2194 531 2271 568 solo
2301 533 2349 573 li..

1247 591 1361 633 quet,
1392 583 1494 634 quod
1525 583 1587 620 isti
1609 595 1680 619 non
1701 580 1893 619 :edificant
1913 595 2026 633 super
2055 582 2348 624 fundamentum

1245 633 1412 682 Christi,
1455 636 1549 687 quin
1580 637 1699 688 ponus
1727 647 1870 672 errores
1899 647 1981 673 suos
2018 637 2261 687 pertinaciter
2287 639 2353 676 de-

1246 687 1458 737 tendendo,
1502 690 1629 740 ipsum
1659 688 1815 727 Christi·
1840 687 2130 728 fundamentum
2171 700 2353 730 conantur

1244 750 1412 777 evertere
1433 767 1445 779 .

1305 793 1393 842 157.
1423 793 1533 846 Resp.
1563 794 1611 833 ad
1633 808 1670 835 2.
1715 793 1916 848 Apostolus
1956 809 2027 833 non
2055 796 2270 848 permittit,
2308 812 2352 837 u-

1245 858 1532 898 numquemque
1560 848 1752 887 abundare
1782 850 1821 887 in
1851 851 2006 901 proprio
2033 863 2174 898 sensu,
2213 850 2279 889 ubi
2311 869 2351 891 a·

1243 899 1343 947 gitur
1370 898 1416 935 de
1443 900 1683 952 dogmatibus
1713 901 1803 940 fidei
1821 931 1831 950 ,
1860 903 1924 940 sed
1944 902 2003 940 vel
2034 904 2074 941 in
2104 903 2217 942 rebus
2244 905 2350 946 adia-

1241 949 1394 1001 phoris,
1426 952 1485 989 vel
1516 955 1638 1005 potins
1661 984 1671 1001 ‚
1702 964 1741 991 ut
1770 954 1937 1006 explicat
1966 954 2090 993 Estius
2111 986 2121 1004 ‚
2152 958 2350 1000 insinuare

1241 1002 1389 1051 voluit,
1419 1017 1479 1041 eos
1507 1020 1584 1043 esse
1614 1007 1848 1056 tolerandos,
1885 1009 1954 1059 qui
1984 1022 2030 1046 ex
2059 1008 2199 1048 Judaeis
2227 1012 2275 1049 ad
2304 1012 2352 1051 fi-

1240 1055 1328 1093 dem
1357 1060 1532 1095 conversi
1571 1058 1698 1096 adhuc
1727 1060 1849 1109 legem
1879 1060 2090 1099 Mosaicam
2132 1064 2171 1100 in
2199 1064 2348 1104 delectu

1239 1109 1416 1148 ciborum
1447 1111 1722 1159 observabant,
1769 1112 1886 1149 donec
1915 1111 2065 1163 plenius
2103 1115 2148 1152 de
2177 1115 2352 1163 ejusdem

1239 1161 1332 1214 legis
1371 1163 1614 1216 abrogatione
1657 1165 1960 1202 instruerentur.
2008 1165 2104 1204 Haec
2145 1163 2350 1218 explicatio

1238 1216 1403 1260 cohaeret
1431 1231 1519 1254 cum
1551 1217 1677 1255 verbis
1707 1217 2034 1256 antecedentibus:
2063 1222 2116 1266 is,
2145 1225 2211 1271 qud
2231 1235 2350 1260 man.-=

1238 1268 1386 1318 ducat,
1415 1283 1495 1307 non
1526 1270 1847 1309 manducantem
1876 1284 1956 1309 non
1985 1281 2177 1324 spernat,
2207 1274 2257 1315 <9-
2285 1281 2350 1328 qul}

1239 1335 1319 1361 non
1358 1323 1606 1372 manducat,
1637 1323 1958 1361 manducantem
1986 1339 2068 1362 non
2089 1325 2268 1378 judicet.

1299 1376 1386 1414 158.
1417 1376 1509 1428 Obj.
1541 1378 1580 1415 111
1610 1376 1754 1415 celebri
1784 1377 1984 1415 schismate
2012 1380 2143 1417 decem
2175 1381 2348 1423 tribuum

1237 1429 1351 1467 Israel
1381 1444 1530 1482 semper
1560 1431 1713 1468 fuerunt
1734 1428 1892 1479 Sansti,
1921 1430 1955 1467 8(
1985 1430 2205 1483 Prophetae,
2237 1445 2275 1472 ut
2295 1437 2348 1475 E-

1237 1481 1334 1530 lias,
1377 1482 1555 1532 Eliseus,
1598 1482 1768 1535 altique,
1811 1498 2034 1537 quanquam
2065 1486 2123 1522 isti
2154 1500 2278 1539 neque
2306 1506 2349 1528 a·-

1237 1536 1460 1574 scenderent
1501 1538 1542 1576 in
1579 1537 1818 1585 Jerusalem,
1862 1547 1899 1575 ut
1929 1539 2127 1576 adorarent
2170 1541 2210 1578 111
2252 1551 2347 1582 tem-

1236 1588 1329 1641 plo,
1360 1603 1482 1642 neque
1512 1605 1600 1628 cum
1631 1591 1733 1628 tribu
1754 1590 1851 1628 Juda
1882 1592 2190 1630 communionem
2219 1608 2346 1636 serva.

1237 1652 1345 1688 rent3
1374 1657 1462 1696 ergo
1482 1645 1595 1683 etiam
1611 1648 1715 1682 'extra
1736 1643 1951 1682 Ecclesiam
1980 1654 2134 1697 possunt
2162 1661 2240 1686 esse
2259 1664 2347 1690 san·

1237 1698 1287 1733 cti
1317 1696 1388 1735 &c-

1295 1750 1381 1802 ¹59·
1413 1749 1524 1803 Resp.
1555 1750 1656 1800 Eos,
1698 1751 1766 1804 qui
1795 1750 1893 1789 iuter
1923 1750 2181 1791 schismaticas
2222 1756 2346 1796 tribus

1233 1801 1349 1840 saneti
1381 1804 1558 1853 suerunt,
1589 1819 1709 1856 neque
1740 1806 1780 1841 in
1801 1804 2018 1842 idolatriam
2049 1806 2164 1843 fuisse
2193 1806 2347 1859 lapsos,

1237 1870 1360 1908 neque
1388 1857 1581 1895 schismati
1612 1856 1814 1897 adhaesisse
1830 1887 1841 1905 ,
1870 1872 1962 1895 nam
1981 1859 2027 1895 de
2058 1860 2104 1896 iis
2124 1860 2217 1897 dixit
2238 1860 2343 1901 Deus

1234 1908 1324 1947 Lib.
1347 1910 1384 1947 5.
1416 1910 1572 1962 Regum
1591 1909 1705 1948 XIX.
1741 1909 1801 1948 18.
1831 1910 1881 1950 &²
1912 1908 2086 1949 Roman.
2108 1909 2182 1950 XI.
2203 1913 2242 1958 4.
2272 1914 2341 1954 (le-

1233 1962 1459 2012 relinquam
1490 1961 1584 2000 mihi
1613 1966 1653 2000 in
1670 1962 1797 2001 Israel
1816 1972 1966 2012 septem
1997 1965 2124 2002 millia
2144 1970 2312 2006 virorum
2329 1999 2342 2018 ‚

1229 2027 1395 2065 quorum
1436 2029 1572 2068 genua
1599 2029 1681 2054 non
1708 2025 1799 2054 sunt
1843 2020 2054 2056 incurram
2082 2029 2180 2058 ante
2209 2020 2342 2061 Baul.

1227 2066 1363 2118 Neque
1390 2081 1451 2106 eos
1480 2070 1594 2107 etiam
1639 2068 1831 2107 schismati
1861 2070 2090 2119 adhaesisse,
2127 2072 2342 2114 luculenter

1226 2129 1328 2171 patet
1356 2122 1533 2173 exemplo
1561 2120 1680 2160 Elisei
1699 2151 1709 2169 ‚
1753 2123 1819 2173 qui
1843 2151 1853 2169 ,
1885 2131 1924 2159 ut
1952 2122 2145 2175 colligitur
2175 2138 2219 2163 ex
2249 2127 2340 2167 Lib.

1227 2172 1266 2218 4.
1298 2172 1446 2224 Regum
1474 2175 1541 2212 111.
1570 2189 1659 2212 curn
1704 2173 1886 2226 Josaphat
1930 2174 2029 2227 Rege
2070 2175 2167 2215 Juda
2211 2182 2336 2231 potius

1227 2227 1566 2275 communicabat,
1609 2241 1727 2278 quam
1771 2242 1860 2266 cum
1902 2227 2031 2267 Joram
2076 2243 2161 2282 rege
2191 2232 2336 2284 Israel,

1226 2277 1493 2330 cujus,tamen
1521 2280 1692 2318 subditus
1721 2289 1827 2326 erat3
1859 2281 1957 2319 unde
1977 2281 2106 2320 Joram
2135 2298 2224 2322 eum
2247 2300 2337 2325 con·

1225 2331 1363 2370 sulenti
1395 2334 1586 2386 respondit
1603 2347 1699 2372 vers.
1727 2333 1786 2380 14.
1817 2337 1950 2372 sinon
1980 2335 2123 2372 cultum
2140 2335 2335 2390 Lvsaplzat

1224 2388 1329 2438 regis
1348 2385 1462 2424 Judae
1479 2417 1490 2435 ,
1520 2386 1790 2426 erubescerem
1810 2418 1820 2436 ‚
1851 2401 1932 2425 non
1961 2389 2221 2428 attendissem
2251 2398 2334 2444 qui-

1225 2438 1317 2476 dem
1347 2448 1412 2488 te,
1441 2452 1515 2478 nec
1544 2444 1810 2492 respexissem
1827 2468 1837 2478 .
1867 2441 1981 2488 Quod
2010 2443 2041 2481 si
2062 2444 2119 2481 isti
2142 2446 2215 2483 viri
2243 2448 2331 2498 pii,

1225 2492 1259 2528 &
1288 2492 1378 2542 justi
1407 2495 1446 2532 in
1474 2494 1687 2533 Jerusalem
1722 2496 1952 2548 quotannis,
1990 2509 2028 2533 re
2056 2509 2074 2532 e
2104 2497 2217 2536 Israel
2247 2514 2335 2551 pro-

1225 2545 1407 2594 hibente,
1451 2560 1525 2584 11011
1563 2548 1843 2596 ascendebant,
1888 2510 2118 2587 crestengum
2148 2561 2227 2600 est,
2270 2568 2333 2592 eos

1224 2599 1274 2637 ab
1303 2599 1373 2637 hoc
1403 2610 1620 2652 praecepto,
1663 2602 1764 2653 quod
1803 2603 1956 2640 nonnisi
1985 2603 2192 2656 positivum
2220 2615 2332 2658 erat,

1224 2653 1338 2691 fuisse
1367 2668 1388 2691 a
1418 2652 1500 2690 Deo
1528 2654 1759 2705 dispensatos
1790 2653 1847 2704 (b)
1865 2682 1875 2692 .

1282 2705 1368 2744 160.
1399 2704 1492 2757 Obj.
1522 2706 1561 2752 4.
1591 2707 1633 2745 111
1663 2706 1836 2746 Ecclesia
1864 2708 2043 2747 Judaica.
2066 2719 2173 2750 erant
2209 2715 2331 2755 variae

1219 2767 1330 2797 sectae
1346 2759 1619 2798 saducaeorum
1636 2790 1648 2808 ,
1677 2759 1957 2800 Pharisaeorum
1978 2762 2048 2801 Sto.
2078 2777 2210 2805 omnes
2238 2767 2330 2806 tole-

1219 2821 1339 2858 ratae3
1383 2812 1428 2850 de
1471 2813 1518 2850 iis
1555 2815 1660 2851 enim
1690 2813 1876 2866 Josephus
1905 2816 1957 2853 sic
1987 2818 2039 2854 ait
2069 2818 2157 2868 (c),
2199 2820 2329 2859 Sada-

1219 2879 1395 2903 coeorztm
1425 2878 1514 2904 vero
1534 2865 1711 2904 dobirc'na
1729 2865 1842 2918 facit
1857 2898 1868 2916 ‚
1898 2877 1938 2905 ut
1957 2873 2113 2908 animae
2131 2885 2221 2910 cum
2242 2887 2330 2913 cor·

1220 2918 1373 2967 poribus
1394 2923 1620 2957 intereant.
1638 2947 1648 2958 .
1671 2946 1681 2957 .
1699 2946 1709 2957 .
1727 2918 1882 2957 Eorum
1901 2925 2072 2972 opinioni
2091 2923 2326 2980 suffragan.

1219 2982 1282 3009 tur
1309 2976 1454 3022 pauci,
1483 2972 1552 3010 sed
1580 2972 1774 3025 (lignitate
1802 2979 1945 3026 primi.
1989 2976 2226 3031 Hegesippus
2258 2997 2326 3020 au-

1220 3034 1295 3063 tem
1325 3026 1443 3073 dicit,
1473 3034 1617 3076 septem
1639 3027 1754 3065 fuisse
1775 3028 1877 3079 apud
1896 3028 2043 3067 Judaeos
2059 3040 2174 3070 sectas
2192 3063 2203 3079 ,
2232 3047 2322 3084 quae

1219 3091 1293 3116 nec
1322 3078 1674 3129 resurrectionem,
1703 3093 1777 3118 nec
1793 3079 1984 3133 suturam
2007 3081 2147 3123 Christi
2175 3087 2321 3124 adven-

2156 3147 2239 3177 tum
2253 3169 2265 3188 ,

96 3201 145 3238 (α)
168 3197 223 3232 De
247 3198 337 3233 Fide
371 3202 413 3232 (θ’
436 3199 595 3242 operibus
620 3210 697 3245 cap.
725 3201 779 3235 15.
806 3204 839 3236 ὃς
866 3202 919 3237 16.
947 3201 1080 3244 Quaest.
1108 3204 1134 3235 1.
1160 3200 1203 3236 ad
1229 3200 1446 3241 Dulcitium,
1481 3203 1513 3234 δε
1537 3200 1700 3235 Enarrat.
1727 3203 1761 3236 in
1789 3203 1918 3240 Psalm.
1945 3205 2040 3242 Vllt·

99 3246 148 3283 (b)
179 3243 259 3296 Vid-
286 3246 471 3279 Bossnetus
498 3247 644 3280 seconde
671 3245 873 3290 Instniilion
900 3249 1080 3282 Pastorule
1100 3262 1156 3282 sur
1180 3252 1232 3282 les
1258 3261 1452 3292 promesses
1478 3258 1573 3280 1111111.
1596 3259 1653 3292 79.
1680 3252 1713 3283 8<
1736 3261 1812 3298 seq.

91 3295 144 3333 ke)
172 3289 248 3324 Lib.
275 3292 406 3325 XVlll.
443 3292 617 3336 Antiquit.
642 3291 784 3328 Judaic.
810 3307 840 3330 c·
869 3308 900 3331 1.
940 3294 1020 3331 Vid-
1050 3296 1156 3331 etiam
1183 3295 1262 3330 Lib·
1287 3295 1384 3330 thl.
1410 3306 1485 3341 cap·
1513 3295 1544 3330 5·

156 3335 399 3393 Gazzaniga
431 3337 564 3379 Theoi.
594 3338 706 3380 Tom.
735 3340 767 3381 Ι.

1604 3341 1655 3384 25
