2564 3706
218 128 302 174 156

153 207 194 243 s‘n
227 220 300 257 qna
332 210 381 241 tot
417 212 565 252 semper
595 199 774 250 fuerunt,
819 201 852 238 8(
881 201 1007 240 adhuc
1036 210 1150 249 sunt,
1193 199 1263 237 Pa-

152 270 265 296 stores
293 255 387 293 ‹loffi
407 285 417 303 ,
446 256 527 306 pii,
556 268 601 293 ac
623 253 936 307 diligentissimi,
967 256 999 292 δι
1020 257 1082 293 cui
1104 255 1260 290 demum

147 309 370 352 ,infallibilis
399 308 568 361 Spiritus
595 307 725 347 Sanffi
768 311 971 362 praesentia
1008 315 1144 358 praesto
1179 314 1259 352 est,

152 373 335 407 accurato
360 363 561 416 praemisso
588 363 761 401 examine
791 363 870 413 jam
899 360 1097 400 definivit.
1187 410 1194 418 ⁸

202 416 268 455 50.
298 416 429 455 Verba
457 425 583 455 autem
605 416 795 456 Laetantii
825 416 873 453 ad
903 415 1001 452 hanc
1031 424 1110 450 rem
1142 411 1258 449 mini-

148 484 213 514 ane
242 469 434 523 91)e&ant;
475 472 568 523 quia
596 470 786 521 Majores
815 468 872 506 illi
891 496 901 514 ,
947 466 994 502 de
1029 464 1173 517 quibus
1202 463 1258 502 lo-

147 525 306 577 quitur,
338 523 371 560 &
400 537 564 577 quorum
595 523 813 562 auetoritate
842 519 1001 558 Etlinici
1031 532 1069 556 se
1099 518 1258 556 tueban-

148 587 235 627 tur,
277 592 352 617 non
382 588 487 616 erant
517 579 586 615 nisi
616 576 786 614 homines
814 573 932 610 errori
961 571 1146 620 obnoxii,
1189 573 1259 624 qui

148 631 236 675 aliis
266 632 374 670 dietis
405 630 626 670 :llinoribus
668 627 816 665 nonnisi
859 626 1039 678 temporis
1076 634 1256 664 vetustate

145 685 448 739 praecelleban13
480 684 578 721 unde
608 682 741 720 merito
767 679 979 717 subdebat:
1009 678 1080 717 sed
1099 678 1169 717 hoc
1191 693 1258 718 eos

134 739 280 798 jullii,
311 738 411 791 quod
440 737 830 783 Majoricmnomz‘ne
858 736 983 784 posito
1012 746 1095 771 non
1114 742 1258 785 purant

133 792 238 845 fieri
266 806 376 844 posse
394 822 404 840 ,
448 799 488 827 ut
516 784 585 826 'aut
606 791 676 838 ipsi
706 787 790 839 plus
819 790 1012 838 sapiunt,
1050 791 1145 839 quia
1174 786 1258 825 Mi-

139 849 272 897 'nores⁴
304 853 518 890 vocantur,
548 850 619 880 aut
649 841 702 878 illi
732 840 974 893 desipuerint
995 871 1005 890 ,
1035 845 1129 894 quia
1159 841 1259 880 Ma-

136 901 249 954 jores
277 903 562 937 nominantur.
593 894 670 933 Nos
699 903 829 934 autem
859 896 1051 934 credimus
1079 895 1258 948 llffajori·

142 953 213 994 bus
243 954 401 998 nostris,
430 948 573 988 scilicet
601 947 787 988 Ecclesiae
809 948 1049 998 pastoribus,
1080 950 1148 1002 qui
1169 948 1257 1002 Spi-

138 1008 238 1044 ffitus
259 1000 385 1042 Sanffi
413 1004 535 1055 gratia
556 1003 606 1041 ita
626 1011 811 1055 reguntur
826 1033 836 1051 ,
868 1012 906 1041 ut
928 1003 1013 1041 falli
1041 1012 1255 1056 nequeant.

142 1059 189 1097 Et
217 1071 330 1106 sane,
361 1058 436 1096 nisi
466 1059 516 1095 ita
548 1055 782 1108 intelligatur
802 1057 1046 1105 Lastantius,
1076 1066 1195 1109 posset
1216 1073 1255 1095 a·

140 1113 259 1165 liquis
300 1110 523 1150 incredulus
557 1111 690 1149 eadem
722 1110 877 1149 fallacia
914 1112 1028 1149 etiam
1061 1111 1255 1163 Apostolo-

140 1179 227 1210 rum
257 1164 521 1204 austoritatem
552 1163 808 1213 labefattare,
840 1164 873 1199 Sc
902 1164 1115 1203 convellere
1133 1191 1144 1202 .

197 1219 263 1258 51.
293 1217 386 1271 Obj.
410 1219 447 1257 3.
478 1217 681 1257 Metliodus
723 1227 773 1255 est
818 1219 967 1256 inversa
986 1247 996 1266 ,
1040 1216 1074 1252 ἃ
1103 1230 1253 1269 praepo-

128 1282 264 1321 -stera,
308 1281 347 1310 nt
377 1273 483 1325 prius
525 1284 795 1323 cognoscamus
824 1271 1039 1309 Ecclesiam
1062 1300 1072 1318 ,
1117 1270 1254 1307 deinde

142 1341 274 1366 veram
302 1326 392 1365 Jesu
419 1325 559 1363 Christi
589 1324 829 1369 doiiriuam3
872 1336 966 1361 nam
995 1322 1063 1360 illa
1093 1323 1251 1360 demum

138 1390 191 1419 est
222 1394 310 1419 vera
339 1378 476 1416 Christi
497 1376 692 1424 Ecclesia,
722 1390 810 1428 quae
840 1389 970 1414 veram
1001 1375 1085 1428 ejus
1112 1375 1251 1414 doari-

140 1448 231 1472 nam
264 1432 487 1484 profitetur3
517 1431 617 1469 unde
645 1431 761 1467 etiam
792 1430 895 1467 idem
923 1429 1097 1468 Christus
1117 1430 1252 1468 Domi-

139 1500 211 1524 nus
254 1488 305 1523 ita
334 1484 523 1536 Apostolis
565 1483 749 1536 praecepit
778 1482 919 1521 Matth.
942 1483 1132 1522 XXVIII.
1169 1497 1253 1536 ¹9*

143 1548 280 1581 euntes
297 1537 431 1576 docete
451 1550 592 1575 omnes
609 1546 751 1590 gentes
769 1567 779 1585 ,
809 1536 1058 1590 baptizantes
1078 1551 1144 1576 eos
1164 1540 1252 1579 &a

139 1593 360 1640 ostendens,
407 1593 514 1644 prius
543 1605 620 1629 esse
663 1591 834 1629 homines
864 1593 905 1631 in
948 1606 1038 1630 vera
1081 1591 1254 1631 dostrina

137 1647 404 1695 instruendos,
433 1645 571 1685 deinde
600 1644 786 1684 Ecclesiae
816 1659 886 1699 per
914 1646 1154 1699 baptismum
1187 1661 1253 1700 ag·

129 1701 346 1754 >gregandos
362 1726 373 1741 .
1014 1750 1018 1752 ῃ

195 1755 260 1793 52.
292 1753 481 1806 Respond.
511 1752 704 1793 Subtilem
745 1752 846 1792 hanc
876 1753 1162 1794 cavillationem
1191 1753 1253 1794 vel

141 1821 189 1848 ex
211 1820 254 1844 eo
275 1807 352 1845 solo
379 1820 579 1855 corruere,
609 1808 710 1860 quod
727 1838 738 1856 ,
768 1817 807 1846 ut
828 1822 942 1861 supra
961 1818 1152 1847 ostensum
1174 1817 1253 1856 est,

142 1859 212 1901 ha'c
242 1860 418 1899 methodo
448 1865 653 1899 examinis
674 1862 737 1898 vix
758 1861 933 1901 homines
961 1862 1083 1911 dotti,
1113 1862 1253 1900 indoffl

141 1924 269 1955 autem
294 1929 338 1952 ne
367 1915 430 1953 vix
447 1915 603 1966 quidem
634 1923 782 1966 possent
803 1928 933 1953 veram
949 1915 1089 1953 Christi
1118 1916 1255 1954 Eccle-

142 1971 239 2010 siam
263 1981 464 2020 agnoscere
486 1994 496 2006 .
526 1967 658 2005 Verba
687 1976 812 2005 autem
829 1967 971 2010 Christi
987 1969 1076 2006 Jesu
1105 1969 1253 2019 signifi-

143 2031 229 2063 cant
245 2052 257 2071 ,
274 2021 418 2062 adultos
437 2025 451 2073 (
468 2035 558 2059 nam
575 2022 618 2058 de
650 2021 820 2072 parvulis
849 2020 926 2060 alia
956 2030 1007 2059 est
1037 2023 1133 2059 ratio
1155 2023 1168 2069 )
1190 2022 1254 2059 do-

142 2076 280 2114 cendos
302 2088 377 2112 esse
393 2075 438 2111 de
454 2073 628 2112 articulis
646 2076 864 2112 necessariis
885 2074 975 2112 fidei
993 2105 1003 2122 ,
1025 2074 1058 2110 8<
1080 2088 1255 2122 morum,

133 2141 214 2171 *non
243 2129 307 2166 via
336 2128 552 2175 examinis,
582 2136 646 2165 aut
666 2127 931 2175 discussionis,
961 2127 1021 2165 vel
1042 2127 1257 2166 instrustio-

132 2184 226 2228 ,nis3
256 2182 329 2219 nisi
359 2181 453 2219 forte
483 2181 780 2218 circumstantiae
802 2181 840 2218 id
861 2194 951 2218 cum
967 2179 1164 2233 aliquibus
1185 2194 1253 2232 per

132 2234 416 2286 r,indulgentiam
445 2233 531 2272 fieri
561 2232 780 2286 postulent.
812 2233 852 2271 Id
873 2243 1000 2272 autem
1031 2233 1158 2273 adhuc
1178 2247 1254 2272 ser·

136 2299 252 2329 ‘vatur
279 2290 318 2327 iu
339 2287 536 2336 Ecclesia,
567 2301 654 2340 quae
675 2302 696 2324 a
716 2287 1011 2327 Catecbumenis
1039 2289 1157 2340 exigit
1186 2302 1255 2326 an-

147 2352 178 2384 te
206 2343 443 2395 baptismum
474 2342 746 2394 professionem
778 2341 896 2390 fidei,
938 2343 1034 2380 inter
1063 2341 1174 2393 cujus
1196 2355 1257 2380 ar-

141 2397 278 2437 ticulos
320 2397 435 2434 etiam
464 2395 533 2434 ille
575 2396 789 2434 continetur
810 2425 823 2444 ,
865 2405 906 2433 ut
935 2396 1092 2434 credant
1122 2395 1257 2435 Eccle-

142 2453 238 2489 siam
255 2477 266 2488 0
295 2448 488 2488 Praeclare
508 2447 639 2488 San&-
661 2448 895 2501 Augustinus
916 2448 964 2487 (le
984 2450 1154 2500 utilitate
1175 2462 1260 2488 cre-

140 2504 260 2545 dendi
288 2518 376 2556 cap.
397 2516 435 2555 9.
456 2533 468 2552 ,
510 2512 712 2555 postquam
742 2504 994 2554 improbasset
1035 2503 1261 2542 methodum

145 2558 415 2596 haereticorum
429 2558 449 2606 ,¹
478 2558 546 2609 qui
579 2555 832 2595 catholicam
861 2555 1093 2595 Ecclesiam
1123 2561 1260 2595 maxi·

147 2623 212 2649 me
252 2615 557 2660 criminantur,
603 2609 705 2663 quoii
735 2610 836 2659 illis,
881 2614 945 2663 qui
975 2610 1030 2649 ad
1072 2624 1169 2650 eam
1198 2625 1257 2650 ve·

146 2669 280 2715 nium,
310 2669 490 2718 praecipit
508 2694 519 2714 ,
548 2673 590 2702 ut
619 2663 819 2709 crec‘la72t5
847 2677 892 2702 se
919 2674 1057 2703 autem
1085 2679 1168 2703 non
1191 2666 1258 2718 ju-

148 2732 240 2772 gum
271 2719 458 2758 credendi
486 2723 711 2772 imponere,
741 2717 810 2756 sed
839 2718 1006 2757 docendi
1023 2717 1192 2771 fontem
1213 2733 1258 2757 a-

146 2777 273 2823 perire
302 2775 523 2826 glorianti-ir
542 2786 557 2810 .·
592 2774 645 2811 ita
674 2772 828 2811 subdit:
857 2786 953 2812 uera
981 2774 1119 2826 religio
1141 2804 1151 2823 ,
1181 2777 1260 2811 nisi

149 2825 364 2865 creduntur
393 2841 444 2866 ea
466 2858 477 2877 ,
520 2841 609 2879 quoe
638 2830 800 2878 quisque
827 2837 968 2880 postea
990 2858 1001 2877 ,
1030 2832 1062 2865 si
1092 2841 1134 2866 se
1163 2827 1261 2866 bene

147 2884 340 2932 gesserit,
381 2881 599 2933 dignusque
628 2880 788 2934 fuerit,
833 2891 1096 2934 assequatur,
1140 2891 1260 2934 atque

148 2936 368 2984 percipiat,
411 2937 459 2974 {9⁶
488 2938 653 2973 omnino
681 2939 768 2973 sine
798 2935 974 2985 quodam
1011 2935 1260 2976 aufioritatis

149 2989 318 3036 imperio
347 2990 438 3023 iniri
465 2987 567 3026 reHe
596 2989 703 3027 nullo
731 2987 847 3040 Ρηὲἶο
875 2999 1000 3040 potest
1031 2990 1125 3041 (a).

208 3039 273 3079 55.
303 3039 394 3077 lust.
423 3039 465 3077 Si
494 3043 544 3079 ita
573 3056 631 3081 res
659 3057 696 3081 se
735 3043 877 3093 habet,
921 3046 1059 3097 poterit
1100 3043 1266 3098 quilibet

153 3095 197 3138 &a
218 3091 339 3142 sefia,
366 3093 406 3132 in
435 3106 511 3146 qua
539 3104 649 3134 natus
676 3105 756 3148 est,
786 3098 819 3135 &
840 3099 1046 3149 educatus,
1076 3098 1264 3153 tranquil-

202 3273 250 3308 (α)
281 3268 380 3301 Hanc
404 3267 513 3302 San&¹
539 3268 697 3302 Doctoris
723 3272 955 3314 sententiam,
995 3286 1064 3319 qua
1089 3276 1186 3309 viam
1224 3288 1262 3310 e-

155 3315 308 3355 xaminis
333 3315 525 3359 improbari
561 3316 710 3359 quilibet
735 3316 854 3358 videt,
898 3319 941 3351 ab
978 3321 1110 3365 injusta
1133 3323 1260 3356 Joann·

157 3360 370 3412 j‘herepponi
385 3383 401 3407 ‚—
423 3373 482 3398 seu
507 3362 633 3401 Joann·
657 3363 785 3399 Clerici
813 3375 959 3416 censura
982 3366 1173 3406 vindicavit
1193 3371 1262 3404 La-

780 110 946 177 ,PARS
980 122 1037 166 Π.
1069 115 1472 166 Dissnfl'rArto
1505 117 1562 161 11.
1598 121 1728 163 cAP.
1762 123 1797 165 1.

1331 198 1366 235 le
1425 211 1646 244 ermenere3
1689 200 1791 250 quod
1820 198 1923 239 idem
1952 208 2024 252 est,
2069 216 2114 242 ac
2156 202 2353 256 religionis
2381 207 2442 246 in*-

1330 212 1667 300 clfferentismum
1695 251 1877 289 invehere
1893 278 1905 290 .

1385 303 1451 349 54.
1482 303 1673 356 Respond.
1702 305 1744 343 ld
1767 305 1927 343 minime
1956 311 2155 361 consequi.
2184 311 2284 350 Nam
2316 313 2445 365 prima

1328 357 1440 395 debet
1470 357 1662 409 quilibet,
1694 357 1728 394 &t
1757 357 1871 396 facile
1901 367 2019 413 potest
2048 364 2243 403 veritatem
2275 365 2439 417 Religio-

1326 412 1386 449 nis
1414 410 1644 449 Christianae
1673 412 1868 451 evidenter
1896 426 2148 465 cognoscere.
2178 417 2365 459 Praeterea
2381 420 2446 458 de-

1326 464 1389 503 bet
1419 465 1643 516 inquirere,
1691 479 1874 518 quaenain
1903 469 2018 518 «anter
2060 476 2111 506 tot
2139 468 2442 512 Christianorum

1326 519 1618 558 communiones
1647 520 1693 557 sit
1722 518 1918 571 legitima,
1948 535 1992 559 ac
2021 535 2111 561 vera
2140 522 2281 563 Christi
2310 526 2444 565 Eccle-

1327 574 1383 611 sia
1401 599 1411 610 .
1455 572 1570 610 Porro
1598 572 1647 610 ad
1676 571 1762 611 liaec
1790 574 1866 611 duo
1895 575 2151 614 examinanda
2188 587 2329 628 praesto
2357 589 2445 620 sunt

1326 626 1580 674 firmissima,
1610 625 1643 662 8<
1674 627 1870 665 evidentia
1900 639 2150 680 argumenta,
2182 645 2270 682 qnae
2302 645 2442 671 vocan-

1324 689 1389 718 tur
1418 678 1688 718 credibilitaiis
1718 685 1893 729 motiva,
1936 696 2023 734 quae
2068 684 2184 721 etiam
2228 685 2370 733 rudes,
2412 687 2444 725 si

1327 748 1440 783 eam,
1484 747 1573 786 quae
1606 747 1675 786 par
1703 743 1784 782 est,
1826 734 2067 786 diligentiam
2096 737 2280 776 adhibere
2310 739 2444 777 volue-

1326 790 1431 837 rint,
1462 786 1566 825 haud
1595 786 1800 826 difficulter
1831 788 2041 841 intelligere
2070 801 2257 842 possunt.
2289 793 2357 829 His
2373 807 2442 831 au—

1325 851 1401 880 tem
1432 842 1580 881 duobus
1613 842 1776 881 inventis
1819 851 1937 895 potest
1979 841 2060 894 jam
2102 844 2266 895 quilibet
2295 848 2335 884 in
2365 846 2440 885 Ec-

1327 895 1444 935 clesia
1458 895 1659 935 Catholica
1687 910 1817 934 secure
1834 927 1844 946 ,
1876 895 1910 933 8t
1930 895 2139 949 tranquille
2160 898 2315 945 vivere3
2344 902 2441 952 quin

1324 962 1473 989 necesse
1493 951 1566 998 sit,
1596 951 1752 998 omnia,
1783 950 1816 986 8<
1837 949 1984 1002 singula
2005 949 2122 1002 hujus
2142 950 2327 990 Ecclesiae
2349 956 2441 1005 dog—

1324 1015 1425 1044 mata
1456 1005 1503 1043 ad
1533 1017 1694 1042 examen
1724 1017 1928 1050 revocare3
1972 1005 2075 1056 quod
2104 1018 2181 1043 non
2224 1005 2348 1044 solum
2378 1021 2444 1044 ru-

1323 1059 1461 1107 dium,
1498 1059 1561 1096 sed
1591 1059 1706 1096 etiam
1753 1056 2058 1096 dostissimorum
2104 1057 2309 1098 hominum
2338 1061 2444 1113 inge·

1324 1116 1435 1151 nium
1453 1142 1463 1160 ,
1495 1112 1528 1149 ὅ(
1559 1111 1779 1149 facultatem
1809 1121 1993 1164 superat.

1380 1167 1445 1204 55.
1476 1163 1630 1215 Obj.4.
1670 1165 1767 1202 Haec
1809 1170 1873 1202 via
1917 1164 2164 1204 ‹rufior-itatis
2212 1166 2443 1218 religionem

1322 1218 1580 1256 Christianam
1610 1219 1763 1269 exponit
1791 1217 1963 1256 ludibrio
1984 1219 2203 1257 infidelium
2220 1249 2231 1268 ,
2261 1223 2352 1272 quia
2373 1221 2443 1259 ho-

1321 1275 1446 1310 mines
1474 1270 1644 1323 expoliat
1673 1272 1843 1318 ratione,
1887 1271 1922 1307 &
1951 1272 2128 1309 libertate
2157 1276 2441 1321 examinandi3

1321 1339 1359 1365 2.
1390 1326 1437 1363 ad
1454 1324 1777 1377 jizizaticisrnnm
1806 1324 1939 1372 ducit,
1985 1333 2024 1361 ut
2052 1325 2212 1363 cuilibet
2241 1327 2443 1366 enthusia-

1320 1390 1385 1419 stae
1415 1379 1568 1417 credere
1597 1378 1828 1416 debeamus:
1863 1377 1901 1416 5.
1932 1378 2159 1429 ignorantiae
2191 1379 2277 1417 fons
2296 1390 2378 1429 est,
2409 1379 2446 1416 δι

1320 1435 1453 1485 origo,
1497 1446 1585 1471 cum
1617 1431 1764 1470 nullam
1795 1432 2024 1470 iudustriam
2053 1432 2198 1483 exigat:
2241 1432 2280 1479 4.
2309 1442 2444 1486 tyran-

1322 1488 1472 1536 nidem,
1503 1486 1537 1522 δε
1567 1485 1763 1524 crudelem
1794 1484 2076 1524 intolerantiam
2105 1499 2233 1523 secum
2265 1486 2403 1525 affert.

1379 1541 1442 1581 56.
1476 1539 1587 1593 Hesp.
1617 1539 1792 1589 Primum
1823 1539 1965 1578 falsum
1995 1553 2100 1588 esse,
2140 1540 2220 1591 ipsa
2249 1541 2444 1592 quotidia-

1322 1610 1372 1635 na
1402 1595 1636 1648 experientia
1664 1594 1923 1632 demonstrat.
1966 1592 2067 1632 Nam
2097 1594 2226 1645 primo
2253 1594 2443 1634 Adversa·

1321 1651 1372 1688 rii
1403 1650 1506 1703 ipsi,
1533 1647 1653 1686 velint
1682 1647 1832 1696 nolint,
1877 1648 1988 1685 fateri
2018 1656 2234 1698 coguntur,
2276 1662 2355 1688 non
2383 1661 2446 1686 so-

1321 1703 1406 1742 lum
1436 1702 1632 1755 prioribus
1667 1700 1906 1754 temporibus
1928 1730 1939 1749 ,
1982 1699 2047 1738 sed
2075 1701 2194 1738 etiam
2240 1701 2313 1740 sub
2361 1703 2446 1756 ipsa

1322 1756 1784 1810 pseudo-reformatione,
1814 1769 1858 1793 ac
1889 1762 2041 1806 postea,
2071 1755 2286 1792 maximam
2315 1754 2444 1793 homi·

1323 1826 1418 1850 num
1449 1818 1599 1863 partem
1621 1839 1632 1857 ,
1662 1809 1740 1846 sine
1770 1809 1949 1846 examine
1977 1807 2151 1845 credere:
2181 1820 2218 1845 2.
2241 1808 2274 1844 8<
2304 1809 2447 1860 primis

1324 1864 1511 1905 Ecclesiae
1542 1862 1721 1910 saeculis,
1765 1861 1800 1899 &
1829 1863 1944 1901 etiam
1974 1861 2245 1913 posterioribus
2277 1860 2447 1911 Religio-

1323 1934 1413 1957 nem
1443 1927 1611 1956 nostram
1655 1916 1822 1955 feliciter
1851 1917 1892 1954 in
1922 1923 2086 1969 quatuor
2121 1914 2226 1953 orbis
2268 1915 2449 1967 partibus

1324 1980 1574 2024 propagatam
1605 1971 1721 2007 fuisse
1749 1971 1830 2007 sine
1859 1969 2060 2017 examine,
2091 1967 2125 2004 ἃ
2155 1967 2234 2006 sola
2265 1970 2446 2006 virorum

1323 2025 1630 2077 Apostolicorum
1652 2022 1927 2072 praedicatione
1943 2047 1954 2059 .
1984 2020 2023 2058 5.
2045 2021 2174 2058 Fateri
2205 2022 2362 2073 insuper
2381 2021 2448 2059 de-

1322 2078 1413 2116 bent
1442 2076 1691 2123 Adversarii,
1721 2073 1837 2112 semel
1867 2088 1912 2112 ac
1941 2073 2093 2125 aliquid
2123 2073 2163 2111 in
2190 2073 2333 2112 divinis
2363 2073 2444 2113 elo-

1323 2133 1426 2183 quiis
1455 2128 1665 2168 revelatum
1695 2129 1939 2176 inveniatur,
1983 2126 2080 2165 illud
2119 2128 2326 2167 certissime
2356 2141 2439 2166 cre-

1319 2185 1487 2223 dendum
1516 2196 1620 2230 esse,
1666 2195 1733 2218 nec
1763 2181 1835 2218 ulli
1863 2180 1981 2219 licere
2010 2181 2174 2219 rationes
2212 2183 2407 2234 inquirere
2428 2210 2447 2231 „

1321 2253 1371 2277 au
1401 2236 1501 2276 illud
1529 2249 1664 2274 verum
1693 2235 1766 2282 sit3
1796 2247 1866 2272 nec
1895 2243 2022 2272 tamen
2051 2234 2177 2272 dicent
2206 2244 2405 2288 propterea
2427 2265 2442 2284 ,

1322 2305 1390 2330 nos
1419 2291 1564 2328 ratione
1594 2301 1639 2326 ex
1661 2287 1803 2340 poliari
1821 2317 1831 2336 ,
1861 2289 1954 2340 quia
1973 2301 2177 2339 nunquam
2207 2287 2345 2327 melius
2373 2302 2447 2327 no-

1324 2355 1398 2384 stra
1427 2345 1568 2382 ratione
1598 2343 1774 2390 utimur,
1815 2355 1935 2394 quam
1979 2341 2131 2394 quando
2167 2355 2251 2379 eam
2294 2342 2443 2382 divinae

1327 2397 1548 2438 revelationi
1577 2395 1834 2448 subjicimUS.
1864 2394 1974 2433 Nihil
2005 2397 2161 2447 insuper
2181 2395 2301 2447 magis
2330 2398 2446 2434 ratio-

1327 2454 1367 2491 ni
1398 2459 1723 2497 consentaneum,
1765 2463 1884 2502 quam
1913 2464 1936 2487 a
1964 2449 2114 2487 Christo
2153 2449 2350 2487 fundatore
2379 2461 2445 2487 no-

1328 2515 1416 2545 strae
1447 2504 1659 2556 Religionis
1687 2502 1859 2555 aliquem
1888 2503 2003 2541 fuisse
2024 2501 2202 2541 relietum
2231 2501 2448 2554 vivumju-

1327 2562 1453 2599 dicem
1482 2557 1827 2597 controversiarum
1845 2587 1855 2606 ,
1885 2559 1966 2595 sine
1995 2571 2071 2610 quo
2091 2555 2261 2608 ejusdem
2291 2554 2450 2607 religio·-

1327 2615 1388 2652 nis
1420 2614 1544 2651 unitas
1562 2643 1573 2661 ,
1602 2610 1636 2647 8<
1666 2611 1812 2663 puritas
1841 2612 2058 2650 conservari
2087 2622 2162 2646 non
2192 2617 2339 2661 poterat
2360 2634 2371 2647 0

1383 2669 1447 2720 57.
1477 2665 1587 2705 Nihil
1617 2665 1735 2703 etiam
1763 2665 1886 2715 magis
1915 2663 2058 2702 falsum
2086 2670 2162 2710 est,
2192 2676 2311 2715 quam
2332 2665 2443 2701 viam

1327 2721 1603 2768 auctoritatis,
1633 2717 1790 2770 qualem
1819 2729 1887 2754 nos
1915 2717 2184 2768 agnoscimus,
2227 2715 2275 2754 ad
2306 2714 2446 2768 fana-

1327 2781 1530 2814 ticisr’tzicm
1559 2774 1726 2812 ducere.
1769 2768 1850 2810 Ubi
1879 2770 1986 2808 enim
2015 2782 2148 2823 quaeso
2177 2777 2262 2818 est,
2292 2779 2357 2808 aut
2385 2783 2453 2809 esi--

1329 2845 1366 2869 se
1396 2837 1513 2883 potest
1530 2827 1797 2881 fiznaticismi
1826 2824 2045 2876 periculum
2064 2854 2074 2872 ,
2105 2823 2260 2876 quando
2279 2837 2322 2862 ea
2352 2824 2443 2875 dog-

1329 2894 1431 2923 mata
1459 2883 1680 2927 credimus,
1709 2892 1798 2930 quae
1821 2878 1999 2916 universa
2020 2876 2197 2916 Ecclesia
2226 2875 2366 2928 longO,
2396 2890 2445 2915 ac

1326 2938 1502 2990 diligenti
1531 2935 1729 2988 praemisso
1748 2932 1926 2970 examine
1947 2930 2131 2970 fidelibus
2147 2930 2336 2969 credenda
2356 2943 2446 2983 pro·-

1328 2994 1437 3046 ponit
1450 2989 1467 3021 ²
1495 2989 1596 3029 Nam
1616 2986 1981 3040 praeterquamquod
2010 2985 2202 3024 evidentes
2221 2983 2409 3023 habemus
2426 3012 2439 3032 ,

1333 3060 1378 3084 ac
1408 3046 1549 3097 saepius
1577 3041 1752 3094 repetitas
1780 3041 2076 3092 promissiones,
2118 3038 2307 3090 Spiritum
2336 3036 2443 3074 San-

1333 3098 1438 3139 Ham
1467 3111 1559 3137 cum
1588 3109 1640 3135 ea
1666 3106 1979 3148 permansurum
2007 3097 2049 3132 ῐη
2076 3102 2276 3132 oeternum
2293 3120 2304 3140 ,
2348 3104 2445 3128 non-

2341 3156 2387 3183 De

1331 3273 1471 3308 mintius
1497 3270 1672 3307 Pritanius
1689 3292 1700 3312 ‚
1725 3283 1848 3318 nempe
1867 3269 1956 3305 Lud.
1975 3265 2192 3304 muratorius
2209 3278 2217 3298 e
2246 3264 2326 3301 Lib.
2346 3267 2372 3299 Ι.
2395 3265 2447 3303 (ἰο-

1333 3326 1549 3369 ingeniorum
1571 3320 1803 3357 moderatione
1829 3323 1865 3355 tn
1892 3319 2078 3362 religionis
2105 3316 2244 3359 negotio
2271 3324 2347 3359 cap.
2375 3311 2414 3346 5..
