2564 3706
879 147 886 153 ·
923 126 1004 172 DE
1037 123 1297 180 AUCTOR.
1330 119 1593 165 PENTAT.

177 223 265 250 rto.
294 208 406 258 Quod
446 213 576 247 autem
619 204 815 255 subditur,
858 208 1020 260 potuisse
1049 207 1225 245 Heleiam

120 277 166 303 ea
192 265 383 305 occasione
412 259 709 299 pentateuchum
737 268 801 298 aut
829 269 947 299 totuin
963 262 1008 299 de
1037 273 1132 300 novo
1152 260 1227 297 fin-

117 327 230 368 gere,
257 324 323 358 aut
352 315 549 366 insigniter
579 313 790 352 adulterare
808 343 819 361 ,
848 327 1000 366 prorsus
1020 313 1227 352 incredibi-

118 369 156 406 le
183 376 266 414 est.
293 364 395 406 Nam
423 368 552 419 primo
580 367 619 404 id
649 379 720 404 non
750 367 919 406 tulissent
947 369 1078 407 decem
1106 366 1227 404 tribus

114 419 252 468 lsrael,
280 434 369 474 quae
400 421 549 458 fuerant
578 421 616 458 in
646 419 806 458 exilium
827 421 1077 474 adsportatae3
1108 421 1228 457 immo

108 485 185 513 *nec
213 473 472 520 Samaritani,
515 473 655 525 quiin
696 487 827 512 earum
871 473 998 513 locum
1042 485 1227 512 successe-

113 534 225 575 rant,
255 527 289 564 &
318 527 436 565 libros
456 525 604 579 Moysis
633 525 826 565 habebant
845 528 908 579 (ιι)
929 554 939 566 .
968 526 1142 566 Secundo
1163 539 1226 563 ne-

111 580 207 617 dum
238 579 563 629 Pentateuclium,
605 580 668 617 sed
709 593 837 618 omnes
874 581 1138 633 subsequentes
1175 577 1223 616 li-

110 631 198 670 bros
225 632 364 682 Josue,
393 633 574 671 Judicum
594 663 604 681 ,
636 632 759 682 Ruth,
789 644 900 687 atque
930 633 1163 672 psalmorum
1182 646 1222 669 a·

112 685 303 724 dulterare
331 700 424 739 opus
453 695 557 733 erat3
587 700 675 724 cum
706 688 743 724 in
775 689 819 725 iis
847 688 978 726 omnia
1008 687 1085 724 fere
1116 698 1221 736 repe-

110 745 261 787 tantur,
291 754 379 792 quae
409 742 448 778 iu
477 740 586 778 libris
616 739 796 778 Mosaicis
825 742 1093 778 continentur.
1122 772 1127 777 .

172 802 258 830 ¹11.
288 793 377 832 lust.
408 793 492 844 (b).
540 794 693 831 Certum
723 802 801 842 est,
845 794 971 830 omnia
1001 791 1218 842 Scriptura-

106 857 194 892 rum
224 846 458 900 exemplaria
486 846 578 884 olim
602 847 756 897 periisse
773 876 784 893 ,
813 847 890 883 sive
910 858 998 881 cum
1028 842 1216 894 templum

44 944 48 948 ι
104 912 128 935 a
156 897 349 942 Chaldaeis
376 901 573 938 incensum
602 908 655 937 est
683 898 721 944 4.
743 898 897 950 Regum
917 895 1048 934 XXV.
1077 897 1156 933 sive
1175 911 1218 933 a-

102 948 158 988 lio
185 954 327 1004 quovis
347 967 464 999 casu3
493 953 561 1004 qui
590 964 676 1002 ergo
704 964 805 988 nune
832 958 958 987 extant
978 948 1096 996 libri,
1128 962 1216 997 sup,-

102 1005 262 1055 posititii
292 1015 401 1044 sunt.
429 1007 516 1044 Ant.
547 1003 655 1055 prob.
684 1016 729 1040 ex
756 1002 859 1048 libro
887 1002 925 1047 4.
941 1000 1087 1040 Esdroe
1103 1000 1212 1040 XIV.

104 1070 170 1095 αι.
199 1072 278 1111 seq.
309 1058 376 1097 ubi
404 1059 565 1096 dicitur:
601 1056 668 1093 lex
696 1064 768 1102 tua.
795 1053 964 1094 incensa
992 1064 1051 1094 est
1068 1085 1078 1103 ,
1125 1068 1213 1107 pro-

102 1119 187 1161 pter
214 1111 318 1161 quod
344 1124 463 1148 nemo
490 1113 590 1158 scit,
619 1121 709 1160 qnoe
737 1122 764 1147 a.
793 1118 830 1147 te
846 1108 975 1162 jiictcz
1003 1118 1120 1147 sunt.
1164 1108 1212 1147 Et

102 1164 259 1215 insuper
285 1163 464 1212 additur,
500 1162 663 1202 Esdram
693 1177 769 1202 una
798 1177 888 1201 cuni
916 1164 1089 1216 quinque
1118 1163 1210 1201 viris

97 1217 219 1268 spatio
233 1215 300 1262 4ο.
320 1216 471 1255 dierum
499 1217 690 1270 scripsisse
719 1216 838 1255 libros
856 1217 948 1263 2042
977 1216 1078 1254 Hinc
1107 1229 1211 1255 coui-

97 1269 210 1308 muni
238 1268 307 1308 SS.
327 1269 843 1314 Patruin-consensuEsdras
872 1279 911 1308 ut
940 1283 1058 1309 novus
1087 1283 1212 1308 sacro-

98 1334 188 1360 rum
216 1322 407 1362 librorum
427 1325 634 1372 restitutor,
663 1333 727 1362 aut
755 1324 873 1361 editor
894 1323 1080 1363 habetur.
1108 1323 1210 1361 Nam

97 1373 360 1415 Tertullianus
389 1377 478 1415 Lib.
506 1378 536 1416 Ι.
567 1377 615 1415 de
657 1377 761 1414 cultu
778 1376 932 1428 femin.
962 1391 1048 1429 cap.
1079 1376 1117 1415 5.
1146 1375 1209 1414 Je-

97 1429 339 1480 rosolymis,
368 1430 520 1482 inquit,
556 1429 789 1469 Babilonica
817 1434 1114 1483 expugnatione
1141 1429 1209 1468 de-

97 1481 214 1528 letis,
258 1495 376 1524 omae
417 1487 727 1522 instrumentum
755 1483 934 1522 Iudaicae
974 1484 1211 1532 litteraturae

95 1546 167 1585 per
195 1533 376 1573 Esdram
404 1546 562 1575 constat
591 1547 862 1576 restauratum
882 1565 893 1576 .
941 1537 1046 1579 ldem
1076 1545 1211 1576 testan-

97 1597 159 1625 tur
187 1589 353 1627 lrenaeus
395 1591 498 1641 apud
526 1591 738 1629 Eusebium
769 1591 839 1628 lib.
870 1591 918 1628 V.
949 1589 1101 1628 Histor.
1131 1589 1211 1627 Ec-

96 1642 171 1678 cle.
215 1647 301 1694 cap.
331 1643 370 1680 8.
399 1642 573 1680 Clemens
605 1642 884 1687 Alexandrinus
925 1643 1013 1681 Lib.
1042 1644 1074 1681 Ι.
1102 1642 1211 1680 Stro-

97 1703 258 1731 matum
279 1724 290 1742 ,
319 1695 580 1747 Hieronymus
609 1695 698 1743 Lib,
728 1695 817 1740 adu.
848 1695 1100 1744 Helvidium,
1144 1696 1211 1735 Isi-

91 1749 206 1793 dorus
236 1748 324 1786 Lib.
354 1747 423 1786 lV.
452 1748 685 1801 Etymolog.
703 1779 713 1796 ‚
761 1748 1048 1802 Chrysostomus
1093 1749 1209 1789 Hom.

91 1802 162 1842 III.
193 1801 232 1839 in
261 1803 370 1853 epist.
399 1803 447 1840 ad
476 1802 597 1840 Hebr.
615 1832 626 1851 ,
675 1801 933 1847 Tlieodoretus
963 1801 1136 1855 Praefctt.
1167 1806 1208 1840 in

94 1855 295 1902 Cantica,
338 1854 517 1893 Leontius
544 1855 761 1894 Bizantinus
803 1855 851 1893 cle
879 1859 994 1895 sectis
1035 1866 1108 1904 act.
1141 1869 1178 1895 2.
1196 1886 1207 1904 ,

93 1908 129 1944 ἃ
158 1908 334 1957 oninium
363 1906 663 1946 luculentissime
691 1908 732 1946 S.
762 1909 952 1957 Basilius,
998 1911 1068 1962 qui
1097 1912 1139 1946 in
1167 1922 1206 1947 e-

92 1960 235 2011 pistola
264 1959 320 1996 ar]
343 1959 545 2002 Chilonem
573 1962 720 2012 inquit:
752 1960 908 1999 Esclrrzs
931 1960 1046 2000 libros
1064 1972 1205 1999 omnes

89 2013 306 2061 Scriptum?
347 2011 527 2050 divinitus
568 2017 776 2063 inspiratae
817 2025 870 2051 ex
899 2013 978 2052 Dei
1006 2014 1205 2052 mandato

87 2066 144 2105 ad
169 2078 427 2104 communem
453 2070 635 2104 omnium
661 2079 776 2103 usum
806 2071 1019 2115 eructavit,
1062 2077 1101 2106 et
1129 2082 1201 2106 ex-

84 2123 301 2171 prompsit.
334 2118 411 2158 Alii
443 2129 622 2171 putarunt
649 2120 768 2158 libros
782 2134 906 2159 sacros
937 2122 1050 2159 fuisse
1079 2121 1129 2159 ab
1148 2122 1200 2159 E-

84 2174 172 2212 sdra
201 2175 240 2210 in
269 2173 537 2224 compendium
581 2174 775 2211 redactos.
818 2175 873 2212 Ita
903 2175 1022 2211 Andr.
1052 2173 1200 2212 Masius

83 2226 249 2279 praefat.
281 2225 507 2265 Commeat.
537 2230 578 2264 ιή
605 2225 793 2273 Josnem,
837 2226 870 2261 ἃ
900 2226 1047 2264 Theod.
1076 2225 1198 2264 Bibli-

83 2281 204 2319 ander
232 2279 281 2317 (le
308 2288 385 2328 opt.
414 2293 507 2331 gen.
537 2283 740 2328 interpret.
769 2279 960 2317 Increduli
977 2287 1103 2317 autem
1132 2293 1198 2318 no-

85 2344 250 2372 strorum
292 2340 510 2384 temporum
539 2333 588 2371 ab
617 2332 738 2370 Esdra
781 2332 895 2371 fuisse
923 2344 1052 2370 omnes
1081 2331 1198 2370 libros

87 2386 140 2425 V.
171 2386 221 2424 T.
250 2385 428 2423 confictos
456 2386 624 2425 clamant
654 2386 711 2437 (c)
730 2412 740 2423 .

153 2450 241 2476 112.
270 2437 385 2489 Resp.
412 2437 517 2490 Vix,
561 2453 605 2479 ac
635 2453 679 2478 ne
708 2439 772 2481 vix
813 2439 970 2493 quidem
1013 2438 1196 2480 credibile

86 2593 201 2637 magis
220 2593 258 2627 id
280 2607 299 2629 a
318 2594 503 2630 Sacerdote
522 2597 643 2632 Heleia
673 2597 799 2632 sachun
825 2597 934 2632 fuisse
961 2599 1189 2643 putabimus?

134 2645 182 2679 (u)
213 2641 294 2675 Vid.
335 2642 368 2685 4.
398 2643 524 2687 Regum
551 2646 690 2686 XVII-3
731 2655 805 2679 tum
830 2645 944 2686 liber,
981 2645 1036 2678 cni
1076 2647 1199 2680 titulus

87 2685 273 2720 Nouoeaux
296 2692 598 2730 e'claircissernens
628 2705 684 2724 sur
707 2694 731 2725 l'
744 2695 879 2735 origine
905 2694 949 2724 du
975 2690 1199 2737 Pentatenque

82 2732 147 2764 ‹les
169 2732 401 2769 Samaritam.-
419 2748 482 2778 ραι·
500 2750 541 2770 ειη
562 2737 745 2782 Religieux
764 2737 966 2771 Benecliffin
990 2740 1087 2773 dela
1107 2739 1197 2772 Con·

82 2782 262 2822 gre'gation
287 2783 330 2814 de
357 2783 396 2814 S.
421 2783 536 2816 Maur.
563 2785 632 2817 vol.
664 2797 692 2817 1.
720 2786 754 2817 in
782 2785 815 2818 8.
844 2787 862 2816 a
881 2786 985 2817 Paris
1016 2785 1125 2827 1760.

135 2825 181 2864 (b)
205 2828 295 2860 Cum
319 2829 467 2873 Spinosa
485 2829 592 2864 Τναῐί.
613 2832 716 2865 theol.
743 2833 844 2875 polit.
865 2843 940 2875 cap.
968 2843 1002 2875 9.
1016 2852 1027 2870 ,
1053 2835 1083 2863 &
1104 2831 1200 2865 Hoh-

81 2871 178 2905 lJeslo
201 2873 238 2906 in
263 2873 451 2909 Leviatlzun
479 2888 554 2921 cap.
582 2878 639 2911 33.
1119 2888 1122 2891 “

137 2924 184 2958 (c)
215 2920 267 2953 Ita
293 2924 409 2955 auctor
434 2924 628 2966 pestilentis
654 2919 736 2957 libri
753 2946 764 2965 3
801 2923 857 2957 cui
884 2924 1007 2956 titulus
1033 2923 1195 2958 Examen

81 2966 268 3018 ina-portant
291 2968 334 3000 de
351 2967 490 3002 Milord
505 2969 710 3004 Bolinbrolre
737 2971 792 3003 ch.
812 2970 846 3013 4.
873 2971 923 3003 lta
948 2982 1084 3015 quoque
1105 2971 1191 3015 Vol-

81 3018 230 3052 tairtus,
258 3016 290 3045 ἀ
315 3015 475 3047 nonnulli
501 3016 560 3048 alii
586 3028 620 3049 se
645 3017 796 3050 invicem
821 3017 1058 3050 exscribentes
1074 3039 1082 3048 .
1119 3018 1191 3050 Mi-

80 3057 349 3100 nus‚absurda‚
392 3059 451 3092 sed
477 3069 593 3095 tamen
619 3063 705 3096 falsa
723 3072 774 3097 est
799 3064 917 3108 opinio
941 3063 1100 3097 Newtoni
1126 3075 1190 3108 pu·⁴

79 3105 213 3156 tantis,
239 3105 356 3139 libros·
374 3107 509 3151 Moysis
535 3108 640 3142 fuisse
665 3107 886 3154 deperditos,
913 3108 1053 3154 quamdo
1079 3109 1186 3142 Phili-

79 3157 155 3182 staei
171 3163 251 3185 arca
270 3153 412 3186 Domini
429 3154 528 3197 potiti
547 3164 651 3195 sunt,
668 3156 773 3189 fuisse
794 3165 911 3189 autern
931 3169 948 3189 a
963 3156 1121 3189 Samuele
1142 3167 1184 3189 ex

75 3194 224 3229 «liversis
243 3198 463 3243 fragmentis,
488 3210 565 3245 quae
585 3211 802 3245 supererant,
821 3202 1000 3236 restitutos
1017 3225 1024 3233 .
1044 3202 1132 3245 Quis
1150 3213 1186 3234 e·-

78 3242 153 3274 nim
173 3242 362 3278 crediderit
376 3268 387 3287 ‚
413 3246 550 3289 nullum
576 3245 672 3279 alind
691 3255 774 3289 tune
793 3250 959 3293 temporis
979 3249 1082 3281 fuisse
1103 3248 1187 3282 Pen-

76 3288 238 3357 tateirplii
271 3293 451 3337 exemplar
482 3301 610 3338 praeter
636 3290 747 3335 illud,
782 3294 875 3339 quod
909 3295 1116 3329 servabatur
1152 3295 1188 3327 in

74 3345 177 3368 arca.

2259 128 2335 156 101

1294 217 1396 251 esse,
1426 200 1485 239 vel
1517 199 1680 237 hostium
1709 198 1864 245 furore,
1908 195 1968 235 vel
1998 194 2220 235 Judaeorum
2250 193 2400 232 incuria.

1294 269 1424 294 ornnes
1453 266 1604 307 prorsus
1625 252 1797 303 antiquos
1827 264 1949 288 sacros
1968 251 2114 288 codices
2145 248 2327 301 periisse,
2357 254 2400 283 ut

1295 325 1342 348 ne
1365 323 1461 355 unus
1479 307 1635 360 quidem
1658 303 1761 356 apud
1781 303 2021 340 Ezechielem
2037 333 2048 351 ,
2077 301 2279 341 Danielem
2297 331 2308 349 ,
2337 299 2400 338 Je-

1296 365 1457 401 remiam
1476 392 1486 410 ,
1526 361 1709 412 Aggaeuin
1726 387 1736 405 ,
1780 354 2006 393 Zachariam
2024 385 2035 403 ,
2077 353 2368 394 Mardoehaeum
2386 383 2398 401 ,

1295 417 1484 463 Esdram,
1514 414 1682 465 aliosque
1712 407 1938 462 Prophetas,
1976 408 2010 444 ἃ
2041 406 2234 459 religionis
2261 407 2398 445 zelato-

1295 483 1352 507 res
1381 468 1634 520 superfuerit.
1665 464 1853 503 Praeterea
1882 460 1970 499 Lib.
1998 461 2029 497 I.
2059 458 2204 498 Esdrae
2234 461 2300 498 Vl.
2336 460 2397 500 18.

1294 523 1458 560 dicitur:
1499 521 1548 562 ὠ·
1590 526 1811 558 statuerunt
1840 512 2077 553 Sacerdotes
2120 516 2160 549 in
2201 513 2397 551 ordinibus

1294 580 1373 613 suis
1391 607 1401 624 ,
1431 576 1478 616 <9⁴
1499 574 1658 612 Lentus
1685 577 1726 610 in
1755 568 1895 610 vicibus
1923 570 2004 606 suis
2031 578 2147 616 super
2175 579 2295 615 opera
2320 565 2396 603 Det

1289 633 1331 666 ἱη
1359 629 1581 667 Jerusalem
1598 658 1610 675 ‚
1637 625 1746 665 ‘sicut
1775 627 1965 675 scriptum
1993 629 2051 659 est
2080 624 2121 657 in
2151 618 2245 657 libro
2274 618 2398 671 ΖΜΟ]-

1289 687 1321 719 sz'
1339 711 1348 720 .
1382 684 1421 721 ld
1441 692 1565 721 autem
1587 682 1652 720 60.
1684 681 1762 719 fere
1781 679 1891 719 annis
1914 677 2059 715 factum
2080 682 2160 723 est,
2189 681 2396 727 antequam
2451 675 2453 679 ⁴

1292 735 1411 774 Esdra
1441 736 1650 774 Jerusalem
1679 735 1901 781 adveniret,
1932 739 1972 768 ut
1993 729 2241 768 Prideauxius
2269 731 2397 768 obser-

1288 797 1376 825 vat.
1426 789 1617 837 Ulterius,
1663 797 1702 826 ut
1730 787 1891 826 liabetur
1921 799 1958 823 2.
1987 782 2134 822 Esclrae
2164 781 2267 820 VIII.
2305 795 2397 821 cum

1286 839 1452 891 populus
1480 842 1631 879 dixisset
1660 841 1818 890 Eulrae,
1861 848 1902 877 ut
1930 835 2098 886 afferret
2127 835 2267 874 librum
2298 835 2394 887 legis

1286 892 1449 944 Mqrsi',
1479 896 1604 932 statim
1631 894 1825 940 subditur:
1856 892 1987 932 attulit
2020 903 2113 943 ergo
2133 889 2291 928 Esdras
2320 889 2395 927 Sd-

1285 945 1422 984 cerdos
1450 947 1578 999 Iegem
1616 959 1757 985 coram
1785 945 2034 984 multitudine
2052 946 2140 984 &a
2157 974 2168 992 ‚
2203 943 2269 981 ubi
2305 943 2394 981 nul·

1284 998 1321 1036 la
1351 1001 1493 1045 mentio
1514 999 1557 1037 fit
1578 1012 1687 1037 novae
1718 1000 2003 1052 inspirationis,
2032 1011 2109 1050 qua
2138 997 2230 1036 libri
2259 998 2393 1048 deper-

1281 1053 1350 1090 diti
1380 1053 1523 1090 fuerint
1544 1054 1679 1090 iterum
1708 1053 1935 1102 conscripti.
1964 1051 2133 1089 Demuin
2153 1081 2163 1097 ‚
2195 1059 2234 1088 ut
2256 1059 2394 1088 caetera

1279 1107 1454 1144 omittam
1473 1135 1483 1154 ,
1512 1105 1696 1157 Joseplius
1717 1105 1805 1143 Lib.
1826 1105 1896 1143 XI.
1918 1103 2106 1154 Antiquit.
2127 1103 2282 1141 Jntlac'c.
2304 1118 2390 1153 cap.

1285 1173 1344 1198 10.
1376 1167 1529 1207 narrat,
1558 1159 1706 1211 Cyrum
1728 1170 1772 1195 ex
1793 1157 1954 1195 lectione
1983 1156 2255 1194 vaticiniorum
2276 1156 2390 1203 libri,

1278 1228 1394 1265 quem
1424 1214 1538 1251 Isaias
1580 1221 1667 1250 ante
1695 1224 1814 1250 annos
1858 1221 1949 1248 210.
1993 1208 2229 1261 reliquerat,
2274 1209 2388 1245 fuisse

1278 1275 1538 1315 commotum,
1578 1275 1617 1303 ut
1645 1264 1791 1303 Judaeis
1820 1265 1860 1302 in
1891 1263 2057 1316 patriam
2086 1260 2296 1300 revertendi
2326 1273 2393 1313 po-

1278 1329 1447 1358 testatem
1489 1320 1654 1358 faceret.
1702 1318 1908 1370 Supererat
1937 1317 2065 1368 itaque
2108 1316 2146 1353 in
2174 1315 2393 1367 captivitate

1277 1373 1515 1426 Babylonica
1542 1372 1641 1411 liber
1669 1372 1801 1410 Isaiae:
1836 1369 1973 1423 quidni
2002 1381 2090 1419 ergo
2118 1367 2240 1406 multo
2269 1368 2392 1420 magis

1277 1425 1369 1464 libri
1401 1425 1562 1465 Mosaici
1579 1456 1590 1475 ,
1626 1438 1791 1478 quorum
1821 1437 1914 1462 cura
1942 1421 2067 1473 major
2094 1435 2170 1459 esse
2197 1419 2392 1460 debebat?

1278 1480 1439 1519 Esdram
1469 1489 1596 1518 autem
1625 1493 1698 1516 uon
1728 1478 1892 1530 potuisse
1912 1474 2210 1514 Pentateuchuin
2241 1474 2391 1512 confin-

1277 1547 1363 1585 gere
1381 1564 1390 1581 ,
1422 1543 1484 1571 aut
1513 1533 1678 1585 graviter
1707 1532 1912 1569 immutare
1942 1526 2000 1566 vel
2030 1540 2074 1564 ex
2103 1540 2147 1566 eo
2174 1526 2252 1565 solo
2281 1526 2390 1565 lucu-

1281 1586 1398 1624 lenter
1441 1595 1626 1640 apparet,
1669 1584 1770 1637 quod
1799 1581 2028 1623 Samaritani
2058 1594 2131 1620 non
2172 1580 2387 1620 obmutuis-

1282 1649 1362 1678 sent
1392 1639 1453 1690 (d)
1473 1668 1484 1678 .

1339 1695 1424 1733 115.
1455 1693 1528 1732 Sed
1570 1694 1770 1745 inquiunt:
1813 1706 1889 1744 qua
1919 1691 2034 1741 igitur
2075 1691 2220 1728 ratione
2249 1690 2388 1728 Esdras

1278 1746 1312 1783 ἃ
1333 1762 1354 1785 a
1383 1762 1420 1785 se
1442 1748 1521 1800 ipso
1552 1750 1567 1799 (
1585 1747 1671 1785 Lib.
1693 1746 1762 1784 IV.
1782 1744 1960 1793 Esclrae)
1991 1743 2025 1780 8<
2054 1759 2076 1781 a
2096 1742 2270 1781 Patribus
2290 1752 2385 1781 tam—

1276 1814 1393 1852 quam
1424 1799 1516 1851 legis
1540 1808 1793 1846 restaurator,
1822 1810 2015 1849 novusque
2045 1809 2240 1835 sacrorum
2269 1794 2388 1833 libro-

1276 1866 1362 1891 rum
1391 1855 1562 1892 conditor
1605 1850 1810 1891 laudatur?
1851 1850 1971 1901 Resp.
1999 1859 2184 1902 quantum
2227 1849 2275 1886 ad
2307 1850 2389 1900 pri-

1274 1920 1405 1954 mum,
1450 1905 1596 1944 nullam
1626 1919 1777 1957 prorsus
1806 1918 1884 1942 esse
1912 1903 2006 1941 libri
2035 1902 2104 1940 lV.
2142 1901 2290 1940 Esdrce
2319 1916 2387 1940 au-

1273 1961 1482 1997 ctoritatem
1501 1989 1510 2007 ,
1540 1967 1669 2010 utpote
1689 1959 1757 2010 qui
1788 1959 1984 2009 utriusque
2004 1955 2188 1995 Ecclesiae
2217 1970 2355 2007 graecae
2375 1987 2386 2005 ,

1272 2011 1458 2050 &latinae
1487 2025 1670 2050 consensu
1701 2013 1740 2049 in
1770 2010 2000 2064 apocryphis
2020 2019 2260 2048 numeratur:
2291 2009 2323 2045 δε
2346 2012 2385 2048 in

1268 2064 1434 2116 judaicis
1463 2065 1605 2104 fabulis
1626 2081 1647 2103 a
1676 2065 1800 2116 capite
1828 2064 1877 2102 ad
1906 2063 2052 2102 calcem
2082 2060 2239 2102 refertus
2266 2079 2288 2102 a
2317 2064 2382 2102 do-

1268 2119 1336 2156 ctis
1363 2118 1544 2156 omnibus
1573 2118 1686 2156 modo
1714 2117 1930 2169 exploditur
1958 2115 2015 2167 (e)
2037 2142 2046 2153 .

1327 2184 1337 2208 ι
1355 2171 1414 2216 14.
1435 2170 1567 2222 Neque
1588 2171 1701 2207 refert
1720 2184 1809 2208 eum
1830 2184 1852 2207 a
1873 2167 2069 2206 nonnullis
2088 2166 2264 2206 Patribus
2286 2170 2380 2209 fuis-

1265 2237 1302 2261 se
1333 2223 1524 2260 interdum
1565 2232 1603 2261 ut
1632 2223 1860 2260 canonicum
1889 2221 2118 2273 allegatum3
2160 2224 2281 2259 immo
2308 2223 2384 2262 Ec-

1267 2275 1423 2314 clesiam
1444 2276 1629 2328 quasdam
1651 2290 1735 2313 suas
1754 2289 1882 2328 preces
1898 2305 1909 2323 ,
1933 2287 2022 2326 quae
2043 2275 2197 2326 publice
2218 2276 2255 2312 iu
2277 2275 2380 2314 Mis-

1267 2330 1339 2367 sali
1357 2361 1366 2378 ,
1411 2328 1444 2364 &
1475 2328 1676 2366 Breviario
1704 2328 1908 2380 leguntur,
1951 2327 2000 2365 ab
2029 2341 2072 2365 eo
2100 2327 2380 2380 deprompsisse

1267 2382 1336 2434 (j)
1356 2410 1366 2421 .
1409 2381 1493 2420 Non
1523 2383 1682 2434 inquam
1713 2383 1751 2420 id
1780 2382 1918 2427 refert3
1947 2395 2037 2432 nam
2066 2382 2199 2431 paucis
2228 2396 2383 2435 respon-f

1265 2437 1324 2476 det
1353 2434 1545 2477 Calmetus
1575 2434 1746 2477 Dissert.
1777 2439 1815 2475 in
1839 2433 1911 2474 JV.
1941 2432 2027 2474 Lib.
2057 2433 2227 2473 Esdroe:
2257 2435 2315 2473 liis
2335 2450 2375 2475 o·

2222 2502 2326 2529 mnt-

1314 2594 1365 2640 (d)
1391 2595 1440 2634 De
1476 2593 1710 2633 Pentateucho
1735 2597 1956 2632 Samaritano
1992 2594 2110 2630 confer
2145 2592 2282 2639 Proleg.
2316 2597 2377 2630 ΙΙΙ.

1267 2647 1465 2687 Walthonis
1492 2657 1588 2679 num.
1617 2657 1671 2688 29.
1699 2649 1730 2678 3<
1757 2647 1834 2687 30„

1313 2699 1359 2732 (e)
1387 2693 1472 2737 Ejus
1500 2696 1613 2725 auctor
1639 2700 1783 2733 vocatur
1809 2691 1852 2724 ab
1875 2690 2000 2723 Huetio
2024 2689 2118 2721 homo
2145 2689 2257 2728 male,
2283 2692 2324 2722 (9⁴
2344 2693 2375 2723 i·

1265 2748 1364 2783 nepte
1381 2740 1625 2783 fraudulentus
1652 2742 1688 2771 in
1715 2738 1914 2771 Demonszr.
1939 2736 2072 2780 Evang.
2093 2736 2192 2780 Prop.
2211 2735 2272 2769 1V.
2298 2745 2373 2780 cap.

1272 2786 1324 2828 14.
1351 2798 1447 2819 num·
1478 2797 1533 2828 ¹9·

1318 2832 1375 2875 (f)
1394 2832 1529 2870 Preces,
1549 2843 1633 2875 quas
1649 2825 1804 2864 Ecclesia
1821 2841 1860 2862 ex
1876 2829 1937 2865 lib.
1955 2825 2014 2862 IV.
2036 2827 2155 2861 Esdrae
2167 2822 2375 2872 desumpsit,

1265 2877 1318 2910 hae
1345 2887 1448 2911 sunt:
1478 2878 1646 2910 Introitus
1672 2878 1765 2909 l'eriae
1793 2878 1825 2908 3.
1854 2877 2090 2908 Pentecostes:
2130 2875 2295 2917 Accipite
2316 2876 2375 2921 ju-

1265 2926 1475 2957 cunditatem
1500 2928 1573 2956 &c-
1600 2923 1633 2964 4.
1679 2921 1797 2955 Esdrae
1825 2923 1868 2955 ll.
1897 2922 1980 2962 36.3
2007 2922 2041 2954 in
2079 2921 2191 2954 officio
2216 2921 2373 2955 Pascliali

1263 2972 1492 3015 Martyrum:
1533 2967 1606 3002 Lux
1643 2977 1805 3011 perpetua
1839 2969 1967 3002 lucebit
1998 2968 2093 3002 vobis
2119 2970 2193 3000 <7⁸0-
2220 2967 2262 3000 lt.
2295 2969 2375 3006 15„-

1258 3016 1308 3048 Hi
1336 3025 1434 3057 sunt,
1458 3019 1512 3060 qui
1530 3018 1710 3049 mortalem
1735 3019 1882 3048 tunicam
1906 3016 2134 3058 deposuerunt
2152 3017 2226 3047 (φο.
2248 3015 2290 3047 tt.
2313 3016 2369 3055 45.

1258 3063 1377 3096 Patres
1415 3074 1523 3102 vero,
1559 3062 1618 3106 qui
1645 3057 1909 3098 librum'hnnc
1946 3070 2128 3105 tamquam
2164 3061 2370 3093 canonicum

1258 3108 1470 3150 laudarunt,
1497 3116 1576 3141 sunt
1596 3106 1802 3141 Ambrosius
1827 3109 1872 3141 de
1897 3108 1981 3141 bono
2006 3112 2126 3141 mortis
2145 3120 2175 3140 c.
2204 3119 2255 3139 ro.
2282 3109 2313 3138 8<
2331 3119 2365 3137 a·

1253 3156 1291 3187 lii
1307 3176 1317 3194 ,
1337 3153 1586 3197 'Tertullianus
1613 3154 1713 3187 initio
1733 3155 1847 3199 operis
1870 3155 1914 3187 de
1939 3159 2130 3198 praeseript.
2151 3154 2262 3186 haeret.
2288 3152 2367 3183 Cle—

1253 3213 1350 3234 mens
1378 3202 1477 3234 Alex.
1505 3201 1568 3234 lib.
1595 3202 1621 3234 1.
1649 3201 1879 3239 Stromatum,
1906 3204 1946 3234 (θ’
1973 3203 2058 3234 alii.
2098 3202 2205 3234 linruo
2228 3210 2266 3230 ea
2290 3197 2367 3240 opi-

1256 3248 1312 3279 nio
1329 3270 1340 3288 ,
1379 3259 1456 3291 quae
1483 3247 1567 3280 olim
1593 3245 1685 3291 apud
1723 3248 1853 3280 mult-os
1879 3248 1997 3280 Pan-es
2024 3246 2199 3282 obtinuit,
2233 3242 2273 3274 ‹le
2299 3243 2365 3275 im-

1257 3293 1497 3336 minenti-fine
1523 3292 1643 3326 mundi
1658 3315 1668 3334 ‚
1692 3305 1735 3326 ex
1763 3294 1964 3339 apocrypho
1987 3293 2051 3330 hoc
2075 3292 2165 3324 libro
2186 3287 2366 3321 ‹limanas-

1257 3351 1291 3374 se
1329 3338 1504 3374 creditur.
1546 3338 1628 3376 Vid.
1655 3340 1775 3375 Sixtus
1802 3340 1963 3374 Senensis
1999 3339 2095 3372 Libr.
2132 3336 2159 3369 1.
2197 3333 2364 3371 mutoth.
