2504 3710
739 460 1257 538 PRIMA
1377 457 1774 537 PARS

221 683 2237 805 -ISAGOGIGA

956 984 1044 1033 DE
1080 982 1579 1035 FUNDAMENTIS

650 1182 1137 1254 RELIGION
1145 1183 1224 1251 IS
1313 1180 1867 1254 REVELATAE

1107 1390 1431 1413 §-Q-

166 1564 484 1692 Antequam
506 1631 558 1674 ad
581 1632 850 1690 explicandos
872 1632 1023 1673 ordine
1041 1647 1218 1674 consue-

98 1699 145 1734 to
167 1692 419 1752 dogmatica:
443 1690 686 1750 Theologiae
707 1689 914 1733 trablatus
937 1688 1187 1732 accedamus
1205 1723 1218 1746 ,

100 1766 125 1792 e
158 1767 205 1794 re
235 1753 372 1794 visum
404 1761 498 1807 est,
542 1751 704 1799 animos
739 1750 966 1808 Tyronum
999 1766 1217 1808 praepara-

98 1825 178 1868 re,
209 1820 336 1871 atque
369 1818 519 1854 contra
552 1827 620 1853 eos
648 1811 942 1870 praemunire,
974 1810 1045 1867 qui
1080 1810 1218 1868 prima

100 1869 192 1929 ipsa
226 1870 498 1914 sanctissimae
531 1869 747 1928 religionis
771 1868 980 1929 principia
1014 1869 1218 1911 convelle-

102 1945 151 1971 re
173 1931 331 1989 impio,
353 1940 479 1988 atque
501 1929 648 1971 insano
672 1939 826 1971 conatu
849 1929 1069 1971 nituntur.
1105 1928 1219 1971 Mul-

101 1986 240 2047 tiplex
274 1998 416 2031 autem
448 1986 604 2031 horum
645 2003 782 2047 genus
814 1998 907 2031 est.
961 1987 1073 2030 Sunt
1107 1986 1221 2030 enim

101 2047 247 2108 primo
269 2082 281 2104 ‚
319 2064 574 2108 quamquam
604 2063 687 2092 non
721 2048 877 2104 multi,
913 2047 986 2107 qui
1009 2048 1150 2090 Deum
1189 2048 1221 2089 i-

100 2122 233 2167 psum
250 2108 462 2167 primum,
483 2109 526 2152 &
548 2108 817 2168 potissimum
839 2107 1060 2167 theologiae
1085 2108 1222 2149 scien-

100 2167 171 2209 tiae
195 2165 410 2224 objectum
452 2167 583 2211 stulte
625 2183 709 2211 non
755 2169 926 2224 minus,
970 2183 1097 2227 quam
1142 2168 1221 2209 im-

104 2227 176 2286 pie
210 2243 306 2270 esse
338 2238 520 2287 negant.
574 2228 828 2288 Sequuntur
860 2227 956 2283 alii,
986 2227 1059 2286 qui
1093 2228 1219 2269 nimia

100 2285 314 2329 evidentia
346 2288 476 2331 coacti
509 2304 532 2330 a
564 2296 684 2331 tanto
718 2287 877 2330 scelere
910 2286 1146 2340 recedunt3
1180 2302 1222 2328 e-

96 2347 166 2403 jus
201 2355 346 2389 tamen
378 2347 610 2403 infinitam,
647 2349 688 2392 δε
711 2346 1066 2408 sapientissimam
1084 2347 1223 2406 provi-

99 2404 291 2449 dentiam
339 2406 465 2450 simul
511 2423 610 2450 cum
642 2407 835 2476 Epicuro
868 2405 1104 2462 sublatam,
1149 2415 1221 2449 aut

101 2467 294 2525 angustis
326 2465 585 2526 quibusdam
615 2467 823 2510 limitibus
853 2464 1105 2509 maritatam
1139 2463 1223 2508 vel-

102 2522 217 2580 lent,
248 2535 298 2567 ut
329 2527 388 2567 ita
420 2526 535 2568 nullo
568 2528 775 2570 existente
798 2527 1024 2569 criminum
1058 2525 1221 2567 vindice

98 2582 219 2638 Deo,
266 2582 443 2625 liberius
487 2587 653 2642 possint
699 2587 743 2626 in
777 2601 898 2626 omne
945 2601 988 2626 se
1020 2585 1221 2627 vitiorum

45 2690 48 2693 ,
96 2657 238 2701 genus
272 2640 517 2684 effundere.
571 2643 685 2684 Sunt
733 2641 904 2685 demum
934 2643 1031 2698 alii,
1075 2644 1221 2701 qui&

97 2700 406 2761 providentiam
438 2699 644 2757 divinam,
676 2703 718 2744 &
750 2701 930 2760 aliquam
965 2703 1091 2743 etiam
1123 2702 1221 2744 reli-

99 2761 268 2819 gionem
301 2777 344 2803 se
377 2775 632 2820 agnoscere,
665 2760 730 2803 vel
753 2759 1036 2821 profitentur,
1070 2760 1134 2802 vel
1166 2764 1220 2804 si-

98 2819 290 2875 mulant,
320 2819 396 2862 sed
427 2821 595 2863 nonnisi
628 2837 743 2877 eam,
774 2837 901 2879 quam
933 2821 1118 2863 nativum
1152 2838 1218 2864 ra-

100 2880 227 2921 tionis
262 2879 406 2922 lumen
453 2881 556 2938 ipsis
590 2897 670 2940 pro
715 2878 893 2923 arbitrio
940 2879 1215 2940 suppeditat,

102 2947 229 2996 atque
263 2939 406 2981 oculos
454 2938 532 2981 sihi
565 2941 667 3000 ipsis
703 2950 890 2997 eruunt,
935 2955 988 2983 ne
1021 2957 1214 2999 supernae

99 2996 368 3041 revelationis
392 2998 726 3059 fulgentissimos
749 3000 888 3046 radios
913 3001 1115 3062 aspiciant
1132 3031 1143 3046 .
1175 3003 1215 3047 1-

229 3339 464 3396 Cazzamga
498 3343 628 3384 Theoi.
661 3345 772 3386 Tom.
802 3349 834 3387 Ι.

1287 1647 1355 1672 mo
1388 1646 1436 1672 eo
1469 1630 1648 1672 audaciae
1673 1630 2036 1689 progrediuntur,
2068 1642 2119 1675 ut
2152 1632 2407 1692 religionem

1288 1690 1605 1749 supernaturali
1638 1689 1894 1731 revelatione
1927 1689 2045 1731 nobis
2087 1706 2109 1732 a
2146 1693 2236 1734 Deo
2270 1692 2406 1734 tradi-

1287 1759 1373 1792 tam
1406 1750 1519 1792 inter
1543 1747 1825 1791 fanaticorum
1848 1748 2066 1791 hominum
2098 1749 2247 1792 deliria
2280 1752 2408 1794 sacrio

1287 1808 1381 1868 lego
1416 1823 1488 1851 ore
1522 1817 1802 1852 recenseant.

1349 1869 1522 1911 Horum
1547 1869 1738 1911 omnium
1763 1867 1911 1910 divinae
1935 1868 2200 1911 revelationis
2225 1869 2410 1913 hostium

1288 1927 1646 1988 perniciosissima
1670 1938 1910 1970 commenta
1935 1945 1982 1971 eo
2006 1927 2253 1988 diligentius
2286 1928 2408 1972 nobis

1290 1986 1518 2031 refutanda
1553 1998 1681 2045 sunt,
1728 2005 1811 2048 quo
1843 1988 1978 2045 major
2012 1989 2245 2032 succrescit
2280 1990 2410 2048 pesti-

1288 2047 1468 2091 lentium
1502 2047 1713 2092 librorum
1746 2047 1968 2105 colluvies,
2015 2048 2067 2090 ad
2099 2065 2193 2091 eam
2233 2049 2412 2105 cavillis,

1292 2106 1603 2168 subtilibusque
1637 2107 1813 2151 fallaciis
1846 2108 2205 2168 impugnandam.
2248 2107 2408 2151 Tribus

1290 2168 1432 2227 itaque
1465 2167 1847 2211 Dissertationibus
1881 2168 1987 2210 hanc
2022 2169 2205 2228 primam
2239 2178 2409 2228 partem

1290 2225 1345 2268 de
1368 2225 1658 2272 fundamentis
1684 2226 1899 2287 religionis
1934 2227 2126 2271 revelatae
2160 2228 2409 2288 complecte—

1290 2302 1414 2341 mur3
1461 2288 1503 2328 in
1536 2304 1720 2346 quarum
1752 2289 1897 2348 priore
1929 2288 2101 2345 multis,
2147 2298 2272 2347 atque
2306 2288 2406 2330 invi-

1291 2346 1366 2389 &cis
1400 2348 1691 2406 argumentis,
1723 2357 1870 2389 contra
1892 2357 2090 2402 veteres,
2123 2357 2404 2406 recentesque

1290 2406 1454 2449 Atheos
1488 2408 1628 2448 Deum
1670 2422 1792 2462 esse,
1834 2405 2130 2448 ostendemus.
2182 2407 2233 2448 In
2274 2405 2407 2448 altera

1291 2466 1370 2508 Dei
1404 2465 1713 2524 providentiam
1746 2463 1797 2507 ad
1829 2481 2000 2521 omnes,
2040 2467 2081 2508 &
2114 2463 2300 2524 singulas
2336 2482 2403 2508 res

1292 2535 1454 2567 creatas
1490 2541 1534 2567 se
1561 2525 1861 2568 extendentem
1883 2523 2183 2568 vindicabimus
2202 2555 2213 2567 .
2247 2526 2296 2567 In
2319 2535 2406 2568 teru

1290 2585 1348 2627 tia
1381 2585 1553 2628 demum
1587 2601 1820 2645 supernam
1854 2585 2068 2646 religionis
2103 2594 2256 2628 nostrae
2289 2601 2406 2628 reve-

1288 2644 1488 2687 lationem
1523 2647 1564 2689 &
1597 2644 1838 2704 possibilem
1871 2662 1985 2700 esse,
2022 2646 2062 2688 δε
2096 2645 2404 2702 necessariam,

1290 2720 1336 2746 ac
1371 2705 1685 2763 singulariDei
1717 2703 1922 2747 beneficio
1953 2703 2191 2747 hominibus
2224 2702 2404 2760 fastam,

1287 2773 1372 2806 tam
1397 2763 1622 2807 manifeste
1647 2765 1911 2819 evincemus‚
1935 2773 1981 2805 ut
2002 2763 2143 2806 nullus
2169 2763 2291 2818 plane
2315 2765 2403 2807 Na-

1287 2823 1494 2865 turalistis
1541 2823 1592 2866 de
1627 2840 1673 2866 ea
1707 2821 1928 2866 dubitandi
1961 2822 2076 2865 locus
2114 2823 2401 2882 relinquatur.

1287 2886 1383 2936 Qua
1400 2883 1442 2923 in
1458 2881 1757 2926 dissertatione
1775 2918 1787 2939 ,
1802 2892 1951 2942 utpote
1970 2881 2158 2925 oninium
2175 2884 2399 2942 praecipua,

1283 2944 1523 3000 argumenti
1548 2944 1686 3002 potius
1710 2942 1905 3001 dignitati
1940 2958 1985 2982 ac
2020 2943 2243 3000 gravitati,
2274 2958 2397 3002 quam

1283 2998 1482 3046 brevitati
1515 3003 1722 3047 inservire
1757 3001 1886 3048 coaffl
1921 3001 2106 3045 erimus.
2140 3001 2205 3045 Sit
2238 3003 2379 3062 itaque.
