2564 3706
768 137 1228 188 iiEmeArroNis
1261 137 1674 184 NECESSITAs.
2208 131 2212 134 ’
2251 145 2301 188 5.

87 217 123 258 ἃ
153 218 373 272 religionem
390 248 402 267 ‚
447 218 693 272 reliquasque
719 220 877 260 virtutes
904 223 985 262 tolli
1007 255 1019 273 ,
1055 224 1197 276 quibus

86 274 247 313 sublatis
275 271 510 324 perturbatio
530 273 617 310 vitae
639 274 810 325 sequitur
826 305 836 320 ,
867 286 981 331 atque
1001 279 1195 317 confusio·

85 330 214 379 Atque
242 326 348 365 hauet
375 330 482 375 scio,
524 324 717 364 concludit
747 327 927 377 Tullius,
970 345 1027 369 an
1043 357 1165 371 .....
1183 351 1197 370 c

73 382 185 437 fides
213 385 340 418 etiam
356 410 367 429 ,
395 382 445 421 ἔθ’
474 383 644 418 societas
664 378 830 419 hummn'
858 389 1045 435 generis,
1075 396 1195 437 atque

83 447 168 474 una
195 434 536 472 excellentissima
564 436 684 469 virtus
706 435 867 485 justitia.
896 438 1086 477 tollatur.

138 487 204 540 76.
231 489 321 526 lust.
351 488 391 534 4.
420 487 460 525 Si
491 489 543 525 ita
585 486 711 525 debile
741 497 792 526 est
818 491 992 529 arationis
1028 490 1160 529 lumen
1181 521 1193 538 ‚

80 542 350 594 moribusque
390 541 628 588 obnoxium,
676 539 756 591 jam
802 542 908 582 nulla
937 545 982 581 de
1024 557 1065 582 re
1101 545 1195 582 certi

80 608 160 633 esse
189 597 417 647 poterimus,
448 596 594 646 eritque
613 594 814 632 damnatus
842 596 1134 648 pyrrlionismus
1154 600 1194 635 iu

78 646 238 686 Scholas
268 647 522 694 inve-headan
551 660 628 700 quo
654 646 750 686 nihil
782 648 866 688 fieri
895 660 1014 703 potest
1043 651 1194 703 religio·

79 702 124 741 ni
153 702 401 754 perniciosius
418 727 430 738 .

139 768 204 806 77.
235 754 346 808 Resp.
376 755 474 792 luter
502 752 818 806 pyrrhonismum
836 785 846 803 ,
877 755 910 792 8<
939 756 1193 794 temeritatem

79 806 279 860 judicandi
308 808 474 851 mediani
505 821 582 845 esse
611 808 832 860 prudentem
880 808 1157 847 dubitationem
1181 838 1191 856 ,

79 869 122 900 ut
149 873 217 900 uec
246 874 289 900 ea
319 874 544 913 respuamus
561 891 571 909 ,
599 875 686 913 quae
714 860 864 912 liquido
883 891 894 904 ,
924 861 1191 912 evidenterque

80 922 289 966 apparent,
338 928 460 966 neque
489 914 650 952 infirmis
672 943 683 960 ,
731 914 1008 964 attenuatisque
1033 913 1193 951 'rationis

78 968 230 1005 viribus
258 961 344 1019 plus
373 979 483 1019 aequo
511 967 675 1004 fidamus
692 991 702 1002 .
754 964 857 1014 Quid
887 969 994 1003 enim
1017 995 1027 1014 ,
1070 967 1193 1019 inquit

79 1020 217 1058 Cicero
247 1024 261 1071 (
292 1021 402 1059 initio
431 1019 539 1056 Libri
558 1019 588 1055 Ι.
618 1017 665 1055 de
695 1016 794 1056 Nat.
826 1017 950 1056 Deor.
981 1019 997 1067 )
1027 1027 1115 1056 tam
1136 1028 1193 1058 te-

78 1077 302 1111 merarium
319 1102 330 1121 ,
365 1081 528 1121 tamque
556 1070 766 1123 indignum
795 1075 988 1122 sapientis
1014 1076 1193 1123 gravita-

81 1134 145 1174 te,
175 1138 299 1177 quam
318 1124 561 1176 aut-falsum
589 1128 765 1172 sentire,
796 1133 866 1163 aut
886 1124 988 1176 quod
1017 1135 1095 1162 non
1125 1139 1194 1163 sa-

78 1183 129 1216 tis
157 1179 362 1227 explorate
389 1186 617 1229 perceptum
647 1181 697 1216 stt
714 1207 724 1225 ,
754 1178 804 1218 ὠ·
833 1182 1064 1232 cognitum,
1106 1183 1194 1218 sine

77 1231 161 1270 ulla
190 1229 432 1270 dubitatione
459 1229 674 1285 defendere
704 1230 767 1283 (a)
785 1230 810 1269 ἓ

136 1283 202 1336 78.
230 1283 325 1336 obj.
355 1284 394 1332 4.
423 1286 501 1325 Lex
532 1284 718 1323 naturalis
760 1286 799 1323 in
828 1299 872 1323 eo
899 1286 1141 1338 potissimum
1171 1301 1194 1325 a

74 1336 159 1389 lege
187 1338 469 1391 supernaturali
497 1339 770 1390 distinguitur,
812 1340 914 1393 quod
944 1338 1041 1388 illa,
1085 1353 1193 1378 secus

73 1404 119 1430 ae
148 1392 242 1439 ista,
290 1393 404 1443 possit
433 1394 567 1431 nativis
596 1390 808 1430 inteliee’tns
836 1393 986 1434 viribus
1027 1394 1191 1446 attingi:

77 1442 188 1482 nulla
215 1457 303 1496 ergo
329 1458 425 1496 opus
453 1447 524 1484 erit
553 1445 782 1484 revelatione
799 1472 810 1484 .

133 1509 199 1550 79.
230 1496 342 1548 Resp.
372 1498 512 1551 Legem
534 1508 677 1537 naturae
699 1511 752 1536 ex
771 1513 815 1537 se
832 1529 842 1547 ,
872 1498 922 1539 (9⁶
950 1502 1109 1537 ratione
1129 1502 1189 1537 sui

76 1549 178 1588 vires
217 1549 428 1590 intellectus
457 1553 572 1590 nostri
613 1554 773 1590 minime
816 1552 1027 1598 excedere3
1074 1561 1188 1605 atque

74 1601 149 1641 hac
178 1605 416 1657 potissimum
445 1605 490 1643 de
517 1619 631 1644 causa
660 1621 681 1644 a
711 1605 892 1656 religione
921 1615 1188 1656 supernatura-

73 1655 104 1694 li
132 1658 292 1696 omnino
314 1658 523 1708 distingui,
570 1671 659 1695 cum
689 1657 774 1695 haec
803 1671 918 1708 supra
944 1670 1099 1695 omnem
1128 1658 1189 1696 in-

74 1708 248 1748 reuectus
275 1709 495 1748 facultatem
525 1712 646 1763 posita
674 1712 745 1759 sit,
794 1719 834 1747 ut
862 1710 1013 1748 nonnisi
1055 1710 1188 1750 divina

71 1761 306 1802 revelatione*
330 1763 439 1801 nobis
467 1764 699 1804 innotescere
729 1765 840 1814 possit
857 1788 868 1801 .
897 1763 1114 1815 Indigemus
1134 1772 1188 1802 ta-

70 1829 163 1855 nen
190 1815 338 1855 lumine
379 1816 510 1871 aliquo
538 1815 818 1868 supernaturali
849 1815 898 1854 ad
932 1817 1061 1856 omnia
1091 1816 1188 1868 juris

71 1877 219 1907 naturae
251 1878 442 1922 praecepta
472 1870 756 1921 cognoscenda,
805 1878 959 1922 propter
994 1870 1188 1908 internam

71 1922 193 1960 animi
224 1924 337 1961 nostri
366 1925 652 1975 corruptionem
669 1953 680 1971 ‚
708 1937 754 1962 ac
773 1925 946 1962 nativam
975 1922 1188 1962 imbecilli-

71 1982 214 2021 tatem,
243 1988 320 2028 qua
349 1975 418 2023 fit,
463 1986 503 2013 ut
529 1976 608 2013 sine
637 1975 866 2013 revelatione
884 2004 894 2022 ,
942 1974 1099 2028 solaque
1130 1977 1187 2013 in-

68 2027 271 2081 quisitione
288 2056 299 2076 ,
346 2041 390 2066 ea
418 2028 569 2066 nonnisi
597 2043 620 2066 a
649 2028 781 2080 paucis
803 2057 814 2076 ,
862 2027 973 2080 longo
1003 2030 1188 2080 temporis

68 2078 297 2128 intervallo,
345 2080 380 2119 ἃ
409 2094 500 2120 cum
528 2080 704 2133 plurium
743 2093 918 2118 errorum
948 2080 1186 2120 admixtione

70 2134 245 2184 cognosci
274 2143 416 2186 queant
433 2159 444 2173 .
473 2134 532 2173 Eo
550 2135 629 2172 fere
649 2134 762 2172 modo
778 2163 789 2182 ,
818 2147 895 2187 quo
914 2133 1039 2186 aliqui
1070 2134 1186 2172 hebe-

67 2193 144 2225 tata
170 2185 372 2225 oculorum
414 2187 495 2226 acie
525 2188 654 2226 vitreis
682 2188 940 2226 instrumentis
982 2188 1185 2238 indigent,

67 2239 118 2278 ad
145 2254 191 2279 ea
217 2241 333 2279 etiam
361 2239 512 2292 objecta
539 2241 731 2288 videnda,
761 2253 850 2293 quae
881 2239 982 2277 nudo
1010 2239 1186 2293 alioquin

70 2292 183 2332 oculo
197 2322 209 2342 ‚
237 2295 269 2332 si
284 2302 377 2333 esset
398 2294 574 2333 robustus
592 2293 627 2330 &
647 2307 781 2341 sanus,
810 2293 932 2331 videri
954 2302 1101 2344 possent
1118 2319 1127 2331 .
1146 2319 1157 2332 .
1173 2318 1184 2331 .

69 2346 169 2399 Apte
197 2347 265 2385 Ori
289 2361 381 2386 -enes
423 2350 438 2399 (
467 2347 588 2387 Libro
616 2348 646 2385 Ι.
680 2345 831 2384 Contra,
877 2344 1033 2384 Celsum
1072 2360 1183 2384 num.

69 2399 113 2447 4..
135 2399 154 2448 -)
185 2362 457 2440 revelationem
496 2409 694 2453 comparat
722 2399 884 2452 lapideis
925 2398 1096 2447 tabulis,
1146 2401 1185 2438 in

76 2452 221 2504 quibus
247 2452 351 2491 D'eus
379 2455 518 2493 iterum
547 2462 739 2508 praecepta
776 2453 959 2505 scripsit,
986 2461 1186 2504 postquam

70 2505 212 2563 primae
241 2505 390 2544 fueraut
433 2517 585 2558 propter
613 2507 750 2560 populi
778 2506 902 2546 scelus
944 2505 1148 2546 confrastae
1173 2532 1185 2545 ·

77 2555 214 2596 Exodi
241 2556 418 2597 XXXIV
435 2584 446 2597 .
478 2557 536 2610 (b)

123 2700 172 2736 (a)
196 2696 295 2731 Hanc
319 2705 448 2731 nostrae
474 2695 622 2731 rationis
648 2697 890 2731 infirmitatem
909 2695 1036 2729 Baelius
1061 2699 1184 2733 multis

71 2743 108 2776 in
141 2743 227 2776 loeis
252 2742 494 2786 demonstrat,
534 2745 711 2789 praecipue
748 2745 783 2777 in
819 2744 920 2776 artic.
948 2743 1056 2777 Bunel
1084 2746 1184 2778 Rem.

69 2789 139 2829 E.;
178 2789 239 2822 ubi
263 2788 442 2831 ostendit,
484 2792 658 2824 rationem
693 2792 805 2824 instar
831 2790 1006 2834 Penelopis
1046 2792 1151 2833 telam
1172 2814 1182 2832 ‚

71 2846 180 2880 quam
197 2834 258 2869 diu
274 2844 502 2871 contexuerat
519 2859 530 2879 ‚
555 2841 653 2871 ῃοᾶιι
673 2846 832 2871 retexere
845 2859 854 2867 .
879 2837 1102 2880 Quamquam
1123 2850 1182 2870 ve-

73 2893 115 2915 ro
139 2882 342 2916 auem-itate
366 2884 511 2917 rationis
531 2884 812 2918 imbecillitatem
837 2883 913 2928 plus
931 2895 1032 2927 aeqno
1056 2886 1182 2929 saepius

73 2936 238 2972 exageret
253 2949 265 2969 ‚
290 2937 327 2961 nt
342 2928 407 2962 sibi
422 2928 582 2965 dilectum
595 2931 884 2976 pyrrhonismurn
900 2929 1065 2970 invehat,
1089 2931 1182 2964 mul-

74 2982 110 3008 ta
135 2983 253 3008 tamen
279 2973 376 3008 affert
392 2996 403 3015 ,
426 2987 504 3020 quae
530 2989 549 3010 a
575 2979 713 3012 nemine
740 2977 858 3020 negari
886 2986 1053 3021 possunt·

117 3022 166 3060 (b)
190 3021 244 3054 Do
267 3020 374 3054 verba
397 3022 558 3069 Origenis
573 3045 584 3064 ‚
608 3024 668 3069 qui
686 3024 791 3057 Celso
814 3021 1023 3067 objicienti,
1048 3022 1135 3056 nihil
1163 3035 1182 3057 a

74 3065 287 3100 Christianis
311 3065 454 3107 doceri,
478 3068 569 3113 quod
594 3082 662 3104 non
689 3071 796 3104 fuerit
821 3081 839 3102 a
865 3069 1042 3103 veteribus
1069 3069 1182 3113 philo-

74 3112 192 3158 sophis
207 3112 283 3157 jam
300 3113 398 3157 prius
414 3115 589 3157 cognitum
605 3138 615 3156 ,
640 3117 689 3150 ita
708 3114 897 3161 respondet
917 3130 924 3149 :
955 3117 1040 3149 Nisi
1065 3129 1180 3148 omnes

77 3159 239 3193 haberent
262 3171 451 3194 communes
465 3163 626 3204 quasdam
649 3164 693 3196 de
710 3163 858 3196 moribus
883 3164 1043 3207 regendis
1069 3166 1181 3195 noeto-

73 3214 138 3239 rt'es
164 3207 199 3238 in.
222 3209 350 3240 animis
376 3211 562 3250 impressas
578 3229 590 3248 ,
627 3213 732 3243 etiam
755 3213 810 3253 qui
831 3210 961 3258 justum
985 3213 1020 3242 in
1049 3222 1084 3241 se
1110 3209 1178 3242 Dei

69 3252 242 3300 judicium
258 3261 476 3287 arcesserunt
489 3274 499 3293 ,
525 3267 629 3298 nequo
645 3256 820 3289 attrahunt
833 3278 844 3296 ,
869 3258 926 3291 illi
941 3257 1091 3291 debitam
1107 3259 1178 3288 suis

74 3301 230 3343 peccatis
246 3311 380 3342 paenam
391 3301 632 3334 declinarent·
661 3301 776 3346 Quare
788 3303 1025 3342 nihilmirtim,
1052 3300 1183 3342 Deum,

74 3357 140 3391 φα
163 3356 224 3390 per
246 3342 464 3391 Prophetas,
507 3350 547 3381 (9¹
575 3347 789 3384 salvatorem
821 3351 939 3385 dearsit
955 3371 967 3392 ‚
1006 3350 1124 3384 eadem.
1149 3351 1183 3383 in

1318 218 1385 257 80.
1415 220 1458 257 In
1487 232 1531 256 eo
1557 220 1674 259 etiam
1703 232 1887 271 magnum
1916 221 2126 262 discrimen
2156 223 2252 262 inter
2281 223 2381 263 veri·

1265 280 1354 310 tates
1384 272 1718 324 supernaturales,
1744 272 1782 309 ἃ
1804 272 1899 311 alias
1927 277 2070 315 ordinis
2098 290 2201 316 mere
2229 286 2383 316 natura-

1262 325 1309 363 lis
1339 326 1566 373 intercedit,
1596 326 1699 378 quod
1728 324 1888 363 illarum
1918 327 2062 382 aliquae
2085 359 2095 377 ,
2123 343 2264 382 nempe
2292 344 2380 384 my-

1262 381 1401 427 steria,
1438 392 1590 432 prorsus
1620 392 1737 431 supra
1765 380 1954 417 rationem
1983 383 2054 419 sint
2083 384 2240 435 posit-ae3
2288 397 2380 423 enn-

1263 440 1321 470 tra
1350 445 1440 471 vero
1470 434 1644 471 veritates
1671 432 1816 470 ordinis
1858 432 2043 472 naturalis
2070 445 2205 474 nostra>
2242 437 2380 475 rationi

1263 486 1336 523 sint
1363 487 1519 524 omnino
1559 486 1734 538 pervias,
1781 498 2020 540 quamquam
2058 500 2120 525 eas
2160 487 2239 525 sola
2280 490 2378 528 ratio

1264 552 1480 591 numquam
1509 540 1682 577 invenire
1710 540 1919 592 potuisset,
1954 539 2090 579 saltem
2118 540 2281 594 perfefte
2303 572 2314 590 7
2343 542 2378 579 δε

1264 592 1344 629 sine
1375 592 1456 631 ulla
1484 593 1750 631 dubitatione.
2391 633 2395 637 Α

1318 644 1382 682 81.
1414 645 1503 684 lust.
1535 646 1650 684 Multi
1681 654 1808 684 tamen
1829 646 2028 686 extiterunt
2047 647 2149 685 omni
2179 656 2376 698 tempore,

1262 699 1460 749 praecipue
1490 708 1616 737 autem
1647 698 1718 737 hoc
1748 709 1871 737 nostro
1900 712 2011 748 aevo,
2041 701 2169 749 acuti,
2201 699 2234 737 &
2264 700 2378 738 soler-

1262 759 1312 786 tes
1343 753 1414 789 viri
1432 783 1442 800 ,
1473 754 1540 804 qui
1559 754 1637 798 sine
1669 752 1747 791 ulla
1769 753 1996 791 revelatione
2014 752 2168 805 plenam
2185 784 2197 803 ,
2226 753 2378 793 absolu-

1260 810 1415 855 tamque
1443 804 1554 854 juris*
1570 814 1712 845 naturae
1735 805 1946 845 cto-{trinam
1966 805 2156 860 complexi
2178 815 2259 845 sunt
2277 833 2287 844 .
2317 809 2378 846 In-

1259 863 1315 891 ter
1345 865 1485 894 veteres
1501 857 1671 897 Socrates
1688 889 1699 908 ,
1730 858 1833 897 Plato
1850 889 1861 907 ‚
1889 860 2050 908 Cicero,
2079 860 2223 899 Seneca
2240 891 2249 908 ,
2280 860 2377 913 Epi-

1261 907 1377 946 &etus
1394 939 1403 956 ,
1435 909 1661 951 Plutarchus
1677 943 1686 961 ,
1718 912 1780 951 Μ.
1800 912 1981 952 Aurelius
2001 913 2120 963 talia,
2150 913 2184 951 ἃ
2214 922 2293 952 tam
2315 928 2378 953 stt-

1260 960 1400 999 blimia
1431 962 1540 1001 nobis
1570 964 1806 1018 reliquerunt
1827 966 1973 1004 Ethicae
1995 976 2213 1020 praecepta,
2243 976 2283 1005 ut
2310 967 2378 1006 be-

1261 1027 1308 1052 ue
1339 1015 1475 1053 multos
1505 1025 1716 1056 nostrorum
1751 1018 2030 1057 casuistarum
2066 1021 2282 1073 suppudere
2309 1021 2375 1058 de-

1260 1066 1392 1106 beret.
1424 1069 1601 1107 lnfinitus
1631 1080 1759 1109 autem
1789 1082 1907 1120 esset,
1936 1075 2005 1125 qui
2033 1085 2164 1111 omnes
2195 1075 2377 1112 recentio-

1261 1133 1318 1157 res
1348 1135 1548 1160 uumerare
1577 1122 1720 1172 vellet,
1768 1126 1836 1176 qui
1865 1124 1945 1164 sola
1974 1126 2117 1164 ratione
2151 1128 2247 1166 duce
2275 1127 2376 1166 hane

1263 1176 1464 1213 materiam
1495 1175 1763 1215 illustrarunt.

1317 1227 1383 1266 82.
1415 1228 1528 1282 Resp.
1559 1229 1712 1268 Veteres
1740 1228 1987 1282 philosophos
2015 1230 2049 1266 δε
2082 1231 2169 1270 satis
2198 1231 2318 1271 multa
2338 1234 2379 1271 in

1261 1279 1333 1319 hac
1351 1291 1457 1334 parte
1473 1297 1648 1335 peccasse
1666 1313 1676 1331 ,
1707 1293 1746 1322 ut
1765 1287 1940 1337 superius
1959 1286 2181 1324 monuimus
2197 1315 2207 1333 ,
2237 1284 2271 1322 8<
2294 1285 2378 1336 plu-

1262 1334 1360 1373 rima
1401 1349 1448 1374 ex
1479 1334 1713 1376 revelatione
1756 1351 1825 1389 per
1869 1338 2113 1377 traditionem
2160 1347 2379 1378 conservata

1261 1386 1431 1428 hausisse
1453 1390 1538 1440 (c).
1569 1390 1671 1428 Hinc
1700 1390 1961 1433 observatione
1980 1392 2140 1443 dignum
2170 1400 2221 1430 est
2250 1390 2376 1442 philo-

1256 1441 1420 1493 sophos,
1449 1444 1516 1494 qui
1547 1452 1627 1494 post
1644 1443 1903 1495 Evangelium
1924 1445 2208 1497 promulgatum
2239 1444 2377 1483 florue-

1258 1507 1298 1531 re
1330 1497 1345 1546 (
1377 1505 1416 1533 ut
1436 1495 1659 1546 Epistetus,
1691 1497 1942 1546 Plutarchus,
1973 1497 2031 1536 M.
2055 1498 2258 1545 Aurelius,
2288 1497 2376 1536 Ma-

1256 1548 1383 1585 ximus
1404 1578 1414 1597 ,
1463 1548 1722 1602 Porphyrius,
1771 1550 1985 1589 Jamblicus
2015 1550 2031 1599 )
2062 1551 2182 1588 multo
2212 1551 2340 1589 minus
2359 1580 2373 1598 ,

1257 1614 1376 1651 qnam
1405 1614 1539 1639 eorum
1570 1604 1766 1653 magistros
1796 1618 1817 1641 a
1847 1606 2005 1642 veritate
2033 1602 2252 1649 aberrasse3
2281 1604 2375 1655 quia.

1255 1665 1417 1706 nempe,
1464 1657 1641 1708 quamvis
1670 1655 1926 1707 Evangelium
1969 1658 2139 1708 recipere
2176 1669 2375 1696 recusave-

1257 1706 1358 1754 rint,
1406 1719 1451 1744 ex
1480 1707 1563 1759 ejus
1592 1717 1718 1747 tamen
1748 1708 1897 1746 lumine
1926 1721 2002 1748 uon
2032 1722 2172 1761 parum
2201 1709 2372 1760 profece-

1256 1768 1373 1798 runt.
1421 1760 1672 1813 Quamquam
1701 1775 1832 1799 eorum
1863 1761 2001 1800 Ethica
2019 1791 2030 1809 ,
2074 1770 2155 1799 utut
2184 1760 2305 1799 multo
2336 1775 2374 1799 e-

1255 1813 1490 1861 mendatior,
1520 1828 1640 1866 quam
1669 1816 1873 1866 priorum,
1912 1812 2020 1852 nullo
2048 1814 2162 1853 modo
2190 1827 2279 1852 cum
2308 1818 2374 1853 no-

1255 1875 1330 1904 stra
1359 1866 1592 1917 Evangelica
1621 1875 1673 1905 est
1703 1868 1962 1920 comparanda
1985 1893 1995 1905 .

1309 1918 1376 1958 85.
1408 1919 1537 1958 Multo
1583 1921 1704 1972 magis
1746 1921 1972 1959 recentiores
2001 1919 2219 1973 Jurisperiti
2249 1920 2374 1973 pluri-

1255 1985 1409 2010 marum
1438 1974 1641 2013 veritatum
1661 1975 1916 2026 cognitionem
1938 1973 2161 2012 revelationi
2190 1988 2373 2026 supernam

1253 2024 1369 2077 turali
1387 2055 1397 2074 ‚
1438 2039 1556 2080 quam
1585 2027 1701 2066 simul
1732 2042 1821 2066 cum
1851 2026 1947 2066 lacte
1977 2028 2132 2065 nutricis
2159 2037 2341 2066 suxerunt
2361 2059 2373 2077 2.

1253 2079 1293 2117 iu
1321 2082 1485 2130 acceptis
1515 2082 1655 2120 referre
1676 2081 1842 2120 debent.
1872 2082 2006 2134 Neque
2035 2092 2126 2119 vero
2154 2090 2373 2133 arroganter

1254 2131 1519 2181 arbitrentur,
1567 2148 1606 2174 se
1634 2136 1738 2172 omni
1781 2134 2014 2173 revelatione
2057 2143 2199 2171 semota
2228 2147 2272 2170 eo
2303 2148 2371 2173 un-

1255 2198 1374 2236 quam
1416 2195 1662 2238 perveuturos
1692 2188 1831 2236 fuisse,
1879 2201 1957 2240 quo
1999 2195 2142 2225 veteres
2169 2186 2370 2226 excellenti

1253 2237 1411 2288 ingenio
1437 2239 1590 2289 praediti
1620 2241 1802 2279 maximis
1831 2240 2028 2280 laboribus
2069 2240 2267 2291 pervenire
2295 2241 2369 2278 mi„

1253 2291 1357 2327 nime
1386 2300 1587 2342 potueruut
1609 2319 1621 2332 .
1659 2294 1809 2332 Horum
1839 2293 2018 2346 exemplo
2045 2292 2273 2345 persuadere
2301 2306 2368 2332 no·

1252 2342 1313 2380 bis
1343 2342 1459 2381 facile
1487 2357 1708 2397 possumus,
1737 2347 1938 2385 modernos
1965 2359 2041 2385 non
2071 2345 2195 2382 minus
2224 2355 2369 2384 erratu-

1253 2409 1312 2433 ros
1333 2397 1445 2434 fuisse
1461 2427 1473 2446 ,
1502 2400 1574 2437 uisi
1596 2401 1641 2439 iis
1663 2400 1843 2438 revelatio
1858 2401 1983 2438 facem
2004 2397 2253 2451 praetulisset.
2282 2397 2368 2436 Cae-

1253 2457 1377 2486 terum
1406 2451 1558 2501 quando
1586 2453 1814 2491 revelatione
1843 2462 2058 2506 contempta
2099 2449 2223 2488 solum
2252 2452 2368 2491 ratio-

1255 2504 1310 2541 nis
1339 2500 1496 2541 duaestum
1518 2507 1626 2558 sequi
1647 2505 1847 2545 voluerunt
1865 2537 1875 2554 ‚
1904 2507 1946 2545 in
1967 2516 2123 2558 magnos
2151 2503 2186 2541 ἃ
2214 2504 2286 2556 ipsi
2306 2518 2367 2542 er-

1253 2569 1356 2612 rores
1384 2556 1552 2612 prolapsi
1582 2568 1694 2599 sunt.
1743 2560 1856 2609 Quod
1885 2561 2001 2599 etiam
2047 2560 2088 2598 in
2117 2558 2164 2596 iis
2191 2557 2368 2610 gentibus

2243 2626 2313 2664 ap-

1251 2701 1398 2730 omnium
1423 2699 1589 2731 hominum
1612 2701 1737 2733 animis
1761 2702 1980 2745 impressisse
1994 2719 2005 2739 2
2033 2705 2067 2731 ut
2088 2695 2164 2730 Deo
2177 2697 2363 2743 judicante

1251 2746 1363 2778 nullus
1390 2748 1610 2780 excusatione
1637 2748 1691 2778 uti
1706 2751 1817 2788 possit
1833 2761 1843 2777 :
1867 2759 1939 2779 cum
1964 2746 2075 2778 nullus
2095 2747 2167 2784 sit,
2193 2747 2270 2787 quin
2285 2756 2364 2776 serr-

1253 2803 1322 2822 sum
1348 2793 1438 2835 legis
1464 2797 1497 2824 in
1525 2793 1630 2824 eorde
1656 2806 1716 2826 suo
1743 2798 1904 2837 scriptum
1929 2792 2053 2824 habeat
2071 2813 2077 2822 .
2104 2790 2218 2834 Atque
2245 2791 2282 2823 id
2304 2791 2364 2822 ob-

1252 2848 1349 2869 scure
1377 2840 1571 2871 subindicat
1587 2859 1596 2869 ·
1623 2840 1830 2884 Scripturae,
1857 2840 1910 2870 uhi
1938 2845 2109 2876 narrant,
2134 2838 2222 2880 qnod
2248 2835 2361 2869 Graect

1239 2883 1399 2927 fabulam
1434 2897 1512 2918 esse
1552 2885 1690 2925 volunt,
1733 2887 1840 2919 Deum
1879 2892 2046 2927 praecepta
2078 2885 2218 2925 proprio
2243 2883 2360 2926 digito

1250 2933 1381 2972 scripta
1399 2931 1537 2975 ‘Moysi
1561 2932 1755 2964 tradidisse
1771 2953 1780 2970 ‚
1805 2944 1908 2974 eaque
1925 2929 2098 2974 consmffa
2114 2928 2237 2972 sitisse
2261 2931 2363 2963 male·-

1249 2980 1298 3008 tia
1318 2989 1428 3010 eorum
1443 2999 1454 3016 ,
1481 2982 1535 3020 qui
1556 2978 1690 3009 vindam
1708 2978 1968 3019 conflaverant,
1992 2979 2090 3021 quasi
2116 2976 2295 3017 dicerent,
2321 2988 2361 3009 εα

1249 3025 1414 3055 scelernm
1437 3027 1588 3065 proluvie
1612 3025 1798 3059 obliterata
1815 3024 1960 3069 fuisse=
2006 3023 2114 3056 Deum
2153 3025 2276 3056 iterum
2301 3035 2358 3055 ea-

1248 3071 1324 3101 dem
1365 3073 1400 3102 in
1426 3072 1578 3114 lapideis
1623 3071 1747 3104 tabulis
1772 3085 1792 3104 a
1818 3071 1954 3114 A‘Iqrse
1990 3072 2126 3102 excisis
2163 3081 2326 3103 exarasse
2347 3088 2358 3107 ,

1248 3115 1439 3160 lllursiisue
1457 3118 1623 3149 dedisse:
1651 3119 1803 3150 nimirum
1822 3116 2023 3160 prophetico
2043 3127 2192 3149 sermone
2216 3118 2355 3148 omnium

1247 3170 1323 3203 pose
1350 3166 1491 3205 primum
1514 3172 1686 3207 peecatum
1711 3165 1757 3197 acl
1783 3164 1951 3197 secundas
1971 3162 2042 3196 Dei
2068 3165 2207 3196 litteras
2230 3172 2356 3206 prapa-

1248 3216 1365 3241 rantes
1381 3232 1388 3240 .

1298 3261 1344 3293 (c)
1375 3254 1411 3287 ld
1438 3255 1599 3299 pluribus
1636 3256 1851 3300 argumentis
1886 3254 2104 3289 confirmavit
2140 3251 2355 3285 doffissimsss

1252 3299 1289 3332 P.
1315 3302 1441 3334 Castus
1469 3303 1636 3335 innocens
1656 3301 1799 3336 Ansaldi
1821 3303 1855 3335 in
1880 3313 1942 3334 suo
1966 3313 2066 3345 opere
2091 3299 2146 3332 De
2162 3301 2355 3343 principio-

1253 3360 1320 3381 rum
1347 3350 1438 3394 Iegis
1463 3351 1634 3386 naturalis
1659 3350 1849 3385 traditione
1873 3345 2016 3384 Medici.
2040 3346 2139 3391 ¹74²·
2164 3346 2200 3378 in
2225 3345 2260 3388 4.
