2564 3706
755 86 839 134 DE
873 86 1022 134 RoM.
1054 87 1099 133 S.
1133 86 1315 135 PETRI
1347 87 1754 138 EPISCOPATU.

111 177 188 210 nec
203 171 389 223 cuiquam
404 169 510 210 ultra
526 183 643 210 suam
659 179 826 210 ceratem
842 185 984 227 sapere
995 170 1118 209 licebit
1136 171 1200 222 (a)
1212 197 1224 211 .

103 228 112 238 ²
168 224 235 264 6ο.
266 226 378 264 Proh.
407 226 571 264 secunda
594 239 695 278 pars.
727 225 855 264 Primo
873 225 1068 278 'quotquot
1098 234 1225 263 extant

113 276 374 318 Romanorum
392 277 620 318 Pontificum
637 279 810 332 Catalogi
842 284 955 330 (sunt
975 289 1101 317 autem
1123 278 1225 317 mul-

111 333 142 370 ti
173 332 210 381 )‚
239 345 371 370 omnes
401 334 555 371 initium
586 343 740 372 sumunt
769 349 790 371 a
819 332 955 382 Petro,
997 340 1115 386 quem
1144 334 1225 385 pri-

111 398 220 424 mum
254 384 466 425 Romanum
500 388 733 440 Episcopum
779 387 951 425 faciunt.
1000 388 1053 425 lta
1084 387 1227 425 Boche-

108 440 243 479 riauus
271 441 445 478 omnium
476 442 786 493 antiquissumis,
834 440 946 491 cnjus
975 441 1100 493 prima
1139 453 1227 493 pars

108 504 155 528 ex
186 496 444 533 monumentis
475 497 512 532 in
547 494 712 532 Romana
737 493 909 533 Ecclesia
938 496 1093 533 servatis
1121 506 1225 531 com-

108 544 229 597 pilata
259 549 426 585 creditur
455 549 526 585 snb
556 548 738 586 Pontiano
765 549 869 586 circa
898 563 958 586 an.
983 548 1074 586 ¹230.
1105 546 1225 586 alter-2

108 609 237 650 autem
268 601 339 639 sub
370 602 524 640 Liberi«)
554 602 679 640 medio
707 601 777 640 lv,
805 603 972 640 saeculo.
1004 603 1056 639 lta
1088 615 1223 653 peran-

110 653 242 705 tiquus
284 653 379 692 alter
415 655 465 693 ab
496 655 763 703 HensclieniO,
812 656 846 692 8(
877 655 1137 707 Papebrocliio
1179 668 1224 692 ex

110 706 253 745 Codice
282 707 532 747 Bibliothecae
563 709 792 748 Christiana:
820 710 1032 748 Suecornm
1071 708 1224 760 Reginae

109 759 234 798 editus
265 764 279 811 (
310 763 413 813 apud
444 762 671 802 Bollandum
702 763 816 802 Tom.
841 764 868 801 l.
903 763 1047 816 Aprilis
1075 762 1119 810 ),
1156 763 1226 815 qui

111 813 232 852 finem
264 815 355 853 facit
385 817 425 854 in
457 816 587 856 Felice
616 816 685 856 IV.
703 847 714 866 ,
744 816 854 869 cujus
885 830 1007 854 annus
1034 824 1232 854 emortua⁴

108 865 157 905 tis
187 868 259 906 fuit
290 868 383 908 530.
413 870 532 908 Liber
560 884 713 924 quoque
743 870 1005 918 Pontificalis,
1035 884 1123 923 quae
1145 869 1226 908 Sae-

108 920 188 965 cul.
212 920 315 961 VlH.
346 937 420 962 uon
449 935 501 962 est
531 927 742 969 recentior;
779 939 823 963 ac
854 923 912 961 illi
943 924 1127 971 demum,
1157 925 1227 975 qui

107 974 160 1014 ab
188 975 372 1015 Emman.
402 993 424 1015 a
452 977 703 1016 Schelestrate
733 980 771 1016 in
801 977 928 1015 lucem
958 978 1086 1015 emissi
1116 987 1228 1026 sunt,

107 1029 176 1068 diu
207 1042 289 1068 ante
320 1031 466 1070 Saecul.
488 1031 539 1070 Χ.
570 1030 729 1069 confecti
748 1057 759 1069 .

163 1082 231 1121 61.
261 1083 434 1123 Ulterius
462 1083 590 1123 Sansti
620 1083 771 1131 Patres,
800 1083 868 1136 qui
899 1083 937 1120 in
969 1080 1230 1120 Romanorum

108 1135 341 1175 Pontificum
369 1140 467 1176 serie
485 1136 648 1175 texenda
667 1149 826 1189 operam
855 1145 1061 1189 posuerunt
1077 1166 1088 1184 ,
1117 1151 1139 1174 a
1161 1135 1229 1174 Pe-

106 1198 166 1229 tro
196 1204 373 1242 semper,
410 1199 610 1243 tamquam
641 1205 662 1228 a
693 1192 821 1243 primo
848 1191 1094 1228 successionis
1122 1191 1230 1242 capi-

107 1250 143 1281 te
160 1273 171 1290 ‚
200 1244 391 1296 originem
418 1244 687 1282 deduxerunt.
718 1245 771 1283 Ita
790 1243 909 1295 Cajus
937 1243 1229 1297 antiquissimus

107 1295 293 1335 Romanae
312 1297 498 1336 Ecclesiae
520 1297 721 1351 Presbyter
736 1329 746 1347 ,
777 1311 842 1336 seu
863 1298 1038 1350 quisquis
1056 1296 1122 1335 ille
1145 1297 1229 1334 fue-

107 1349 190 1398 rit,
232 1351 302 1403 qui
331 1352 551 1390 Artemonis
582 1351 762 1390 haeresim
794 1353 1038 1404 impugnavit
1078 1353 1093 1402 (
1125 1351 1228 1403 apud

107 1403 325 1442 Eusebium
355 1405 401 1443 L.
422 1404 474 1444 V.
504 1404 613 1445 Htsc.
635 1404 751 1443 Eccl.
780 1402 868 1459 cap.
893 1405 956 1443 28.
988 1406 1030 1454 )‚
1061 1405 1229 1443 Irenaeus

109 1460 126 1509 (
156 1457 247 1496 Lib.
270 1458 336 1497 111.
357 1472 443 1512 cap.
467 1459 505 1499 3.
537 1461 582 1509 )‚
611 1459 874 1499 'Tertullianus
896 1462 912 1511 (
933 1458 980 1497 <le
1002 1459 1230 1510 Proescript.

114 1524 204 1563 cap.
227 1511 293 1550 52.
322 1512 366 1560 ),
396 1513 588 1552 Eusebius
617 1513 796 1567 pluribus
826 1515 865 1552 in
894 1513 986 1551 locis
1017 1513 1143 1565 (Lib.
1165 1514 1232 1550 ΠΙ.

112 1563 269 1603 Histor.
299 1564 460 1606 Eccles,
490 1569 608 1620 capit.
640 1581 704 1606 21.
744 1567 832 1605 Lib.
856 1566 922 1605 1V.
952 1581 1039 1620 cap.
1066 1580 1100 1604 1.
1130 1566 1164 1603 &
1198 1567 1234 1605 5.

107 1618 186 1657 ἃς.
217 1619 264 1668 ),
293 1620 458 1672 Optatus
477 1621 726 1660 Milevitanus
757 1623 772 1672 (
797 1621 884 1659 Lib.
897 1621 950 1658 ll.
981 1630 1110 1658 contr.
1134 1620 1234 1658 Par-

112 1685 224 1711 men.
255 1673 298 1723 )‚
328 1674 590 1727 Hieronymus
619 1673 706 1727 (de
728 1672 832 1712 Viris
852 1675 992 1713 illustr.
1013 1689 1099 1728 cap.
1126 1688 1158 1712 1.
1191 1674 1234 1723 ),

113 1725 361 1780 Epiphanius
391 1731 405 1778 (
428 1728 535 1768 Haer.
555 1727 645 1767 Vll.
665 1743 733 1768 nu.
755 1728 794 1767 6.
825 1728 869 1777 ),
900 1729 1136 1780 Augustinus
1160 1730 1175 1780 (
1196 1742 1235 1765 e-

110 1779 200 1833 pist.
221 1781 285 1820 55.
306 1781 401 1820 alias
423 1782 509 1821 165.
525 1782 572 1821 ad
589 1783 828 1821 Generosnm
846 1783 860 1832 )
880 1813 891 1832 ,
921 1782 1066 1835 aliique
1083 1796 1233 1821 omnes·

167 1832 234 1872 62.
266 1834 366 1873 Hinc
409 1835 582 1874 Romana
611 1836 799 1875 cathedra
846 1836 1040 1890 appellata
1083 1849 1234 1888 semper

108 1885 186 1927 fuit
214 1887 433 1938 cathedra,
462 1889 497 1927 8<
526 1889 641 1929 Sedes
662 1889 790 1939 Petri,
820 1899 935 1943 atque
963 1889 1036 1929 hac
1064 1890 1112 1928 de
1141 1904 1234 1929 cau-

107 1954 150 1980 sa
178 1943 356 1980 omnium
376 1945 547 1994 gentium
577 1957 759 1982 consensu
780 1946 914 1983 ceteris
933 1944 1113 1982 omnibus
1134 1958 1235 1997 prae-

109 1992 186 2032 lata
203 2019 215 2032 .
244 1995 356 2033 Certe
383 1996 546 2035 Sanstus
574 1999 796 2050 Cyprianus
823 1998 870 2035 de
901 1997 1170 2042 Felicissimo,
1200 1997 1236 2030 &

109 2046 321 2086 Fortunato
347 2048 601 2087 schismaticis
620 2051 806 2099 loquens,
835 2047 1048 2100 Navigare
1062 2047 1237 2097 audent,

107 2101 242 2153 inquit
270 2103 286 2152 (
315 2101 514 2152 epist-55·
543 2101 593 2140 ad
621 2099 748 2140 Sanst.
778 2102 1005 2139 Cornelium
1041 2101 1083 2139 R.
1114 2101 1156 2139 P.
1188 2102 1234 2148 ),

109 2153 169 2192 ad
197 2154 304 2192 Petri·
327 2153 575 2194 Catheclram
593 2183 606 2202 ,
634 2163 756 2205 atque
783 2153 840 2191 acl
859 2153 1096 2191 Ecclesiam
1125 2157 1235 2205 prin-

108 2208 286 2260 cipalem
301 2222 318 2254 ;
360 2207 466 2246 unde
493 2211 631 2244 unitas
659 2205 924 2244 sacerdotalis
968 2217 1115 2244 exorta.
1147 2217 1206 2245 est
1223 2233 1234 2246 .

108 2261 536 2315 Hieronymus(epist.
565 2260 612 2298 ad
629 2260 842 2299 Damasum
873 2261 890 2310 )
920 2259 1040 2313 Ego,
1078 2262 1201 2313 inquit
1224 2292 1234 2311 ,

110 2316 267 2354 nullum
296 2319 499 2367 primum,
530 2317 608 2351 nisi
629 2312 841 2363 ,Christum
871 2328 1068 2367 sequens,
1101 2314 1234 2353 Beati-

113 2369 241 2408 tudini
269 2378 378 2418 tuce,
427 2367 528 2406 idest
560 2367 769 2406 Cathedroe
798 2367 908 2407 Petri
950 2374 1235 2408 communione

112 2426 322 2462 consocior
337 2449 348 2461 .
376 2422 539 2474 Optatus
555 2420 808 2462 Milevitanus
831 2425 846 2475 (
875 2422 962 2461 loco
980 2425 1085 2462 citat.
1106 2433 1234 2463 contr.

113 2475 314 2516 Parmen.
346 2476 391 2525 ).
418 2473 691 2528 Negare'non
708 2473 839 2527 potes,
868 2478 1022 2529 inquit,
1051 2482 1153 2517 scire
1174 2487 1233 2527 te,

114 2534 159 2570 in
187 2529 281 2569 urbe
309 2528 446 2568 Roma
474 2529 594 2568 Petro
629 2535 759 2582 primo
792 2529 1040 2569 Cathedram
1068 2531 1235 2583 Episco-

106 2585 250 2638 -palem
279 2597 368 2623 esse
395 2584 638 2623 collocatam
655 2615 667 2633 ,
698 2588 739 2622 in
768 2597 849 2636 qua
877 2585 1024 2624 sederit
1052 2590 1234 2624 omnium

114 2639 399 2690 Apostolorum
440 2647 594 2690 caput.
641 2639 683 2678 S.
714 2640 947 2692 Augustinus
991 2642 1007 2691 (
1050 2640 1089 2677 in
1134 2638 1234 2679 Psal.

116 2703 225 2732 cont.
253 2702 413 2744 partem
441 2691 598 2731 Donati
626 2692 643 2743 )
672 2690 901 2732 Numerare
918 2723 929 2742 ,
976 2694 1128 2745 inquit,
1159 2693 1235 2732 Su-

114 2746 388 2786 cerdotes-vel
417 2744 468 2785 ab
510 2751 600 2799 ipsu.
629 2746 731 2785 Sede
759 2747 894 2796 Petri,
941 2747 991 2789 (J
1020 2751 1061 2785 in
1096 2748 1237 2787 ordine

116 2802 184 2840 illo
213 2800 384 2840 Patrum
401 2831 412 2848 ,
440 2804 528 2853 quis
555 2804 619 2840 cui
641 2805 908 2850 successerit,
939 2800 1064 2840 videte
1081 2828 1091 2840 .
1140 2802 1234 2842 Vid.

112 2857 230 2895 etiam
260 2855 350 2894 Lib.
372 2855 421 2893 ll.
449 2865 582 2894 contr.
606 2856 680 2894 litt.
700 2855 817 2895 Petil.
837 2870 925 2908 cap.
947 2856 1011 2895 31.
1042 2857 1097 2895 Ac
1126 2857 1236 2895 deni-

108 2922 216 2962 que,
264 2923 313 2947 ne
341 2922 474 2947 omnes
503 2923 710 2962 persequar
729 2940 741 2960 ,
788 2909 830 2950 S.
860 2908 1020 2964 Prosper
1048 2910 1101 2949 ita
1129 2912 1234 2951 cauit

117 2967 136 3016 (
163 2967 207 3002 in
237 2961 378 3002 Carm.
408 2961 456 3002 de
483 2966 656 3015 ingratis
684 2963 700 3015 )

165 3158 216 3196 (α)
240 3155 279 3190 ld
303 3156 412 3190 etiam
444 3155 606 3190 innuitur
637 3157 674 3192 in
699 3158 802 3204 epist.
827 3162 854 3195 1.
893 3160 986 3194 Petri
1010 3161 1055 3195 V.
1087 3161 1140 3195 13.
1177 3160 1234 3195 liis

118 3203 235 3236 verbis
251 3217 259 3234 ε
288 3204 429 3238 Salutat
455 3217 510 3237 vos
531 3203 698 3239 Ecclesia
711 3227 723 3246 ,
748 3221 813 3250 quae
839 3217 894 3243 est
911 3212 945 3241 in
961 3208 1142 3253 Babylone
1161 3211 1235 3242 col*-

121 3251 228 3283 leHa.
253 3249 368 3284 Facile
392 3251 485 3283 enim
510 3251 706 3295 probatur,
732 3255 871 3288 nomine
896 3256 1084 3301 Babylonis
1113 3255 1160 3288 ibi
1187 3256 1235 3289 si-

70 3334 72 3337 ,
122 3294 282 3346 ςηὶῆοετί
308 3297 455 3330 Romam
471 3319 482 3338 ,
507 3297 592 3331 adeo
614 3308 652 3332 nt
671 3299 816 3333 Grotius
841 3303 890 3336 ita
915 3303 1144 3336 commentari
1165 3314 1232 3335 non

122 3339 359 3378 dubitaverit:
384 3343 530 3382 Veteres
547 3345 684 3380 Romam
708 3350 1001 3392 interpretantur,
1026 3350 1080 3384 ιιόί
1098 3348 1234 3385 Petrum

2262 105 2351 159 247

1400 223 1481 264 Secl
1511 223 1643 262 Romu.
1671 225 1804 276 Petri,
1834 240 1922 279 quoe
1950 232 2165 279 pastoralis
2193 232 2354 276 honoris

1401 277 1528 317 Fau.»
1558 287 1677 330 caput
1706 281 1844 319 muntlz'
1861 312 1871 331 ,
1910 283 2093 336 quidquid
2121 300 2201 326 non
2227 295 2352 340 possi-

1457 332 1522 371 (let
1550 337 1680 371 armis

1404 385 1623 440 Rellc'gione
1651 395 1758 426 tenet
1773 414 1785 427 .

1348 493 1414 534 63.
1446 494 1569 534 Restat
1598 495 1762 546 ultimo,
1792 505 1832 536 ut
1861 496 2029 536 breviter
2056 499 2286 554 doceamus,
2333 504 2404 544 Pe-

1291 558 1393 587 trum
1426 563 1544 601 nsque
1564 550 1611 588 ad
1632 561 1792 590 mortem
1814 553 1850 589 in
1874 552 2106 605 Episcopatu
2129 554 2298 597 Romano
2319 574 2406 611 per-

1293 604 1500 642 mansisse.
1550 604 1590 641 Id
1633 614 1758 642 autem
1789 605 1991 644 conficitur
2029 607 2199 646 indubiis
2230 622 2407 653 veterum

1292 658 1516 695 testimoniis
1532 683 1543 695 .
1574 656 1834 697 Tertullianus
1865 663 1882 712 (
1903 660 1941 698 in
1964 659 2178 711 Scor-piaco
2206 677 2291 717 cap.
2313 669 2373 705 15.
2395 669 2411 717 )

1296 709 1506 748 Orientem
1523 709 1686 764 fislem,
1736 715 1881 766 inquit,
1932 713 2074 753 Romae
2114 720 2267 766 primus
2295 718 2407 758 Nero

1294 769 1514 802 cruentavit
1531 792 1541 803 .
1575 764 1684 804 Tunc
1706 766 1846 805 Petrus
1865 767 1916 806 ab
1938 769 2065 807 altero
2085 774 2258 823 cingitur
2274 803 2285 822 ,
2315 787 2411 812 cum

1294 821 1402 854 cruci
1423 818 1711 872 cz-lstringt‘lur.
1741 821 1984 871 LaRautius,
2014 836 2079 861 seu
2105 826 2284 878 quisquis
2314 828 2415 866 alius

1293 882 1424 910 auctor
1453 873 1544 911 Lib.
1573 872 1622 912 ‹le
1650 884 1769 913 mort.
1792 876 1949 914 Perseo.
1978 877 2024 915 de
2046 876 2195 917 Nerone
2224 880 2408 934 loquens:

1296 923 1459 962 Petrum
1476 956 1486 973 ‚
1517 928 1645 979 inquit
1662 959 1672 977 ‚
1702 934 1809 967 cruci
1838 930 1973 978 affixit
1989 961 1999 978 ,
2029 931 2079 973 <9¹
2100 931 2271 972 Paulum
2292 939 2412 975 inter-

1284 977 1420 1030 fecit.
1468 978 1659 1020 Eusebius
1704 986 1718 1034 (
1750 984 1838 1022 Lib.
1859 985 1907 1023 11.
1940 983 2045 1023 Hlst.
2089 985 2203 1026 Eccl.
2241 1002 2277 1028 c.
2300 992 2364 1032 25.
2396 995 2413 1043 )

1299 1031 1470 1068 Paulum
1493 1033 1649 1085 quidem
1669 1065 1678 1082 ,
1709 1039 1760 1074 ait
1789 1039 1834 1076 de
1863 1039 1994 1076 eodem
2017 1039 2164 1079 Nerone
2181 1073 2192 1090 ‚
2221 1049 2351 1096 cupite
2372 1051 2415 1086 in

1299 1087 1388 1134 ipsa
1418 1084 1509 1123 urbe
1541 1086 1701 1136 Roma,
1749 1090 1913 1128 Petrum
1944 1106 2033 1130 vero
2075 1101 2204 1134 crucis
2240 1099 2416 1150 patibulo

1299 1138 1560 1178 condemnat.
1602 1141 1865 1194 Hieronymus
1895 1147 1911 1195 (
1940 1144 1989 1183 cle
2032 1151 2121 1186 viris
2150 1151 2290 1191 illustr.
2327 1169 2415 1208 cap.

1305 1206 1339 1231 ι.
1369 1193 1384 1241 )
1416 1193 1463 1229 de
1493 1192 1600 1232 Petro
1631 1195 1777 1247 inquit:
1824 1197 2006 1236 Secundo
2035 1214 2146 1240 anno
2177 1203 2332 1245 Claudii
2361 1209 2417 1247 ad

1302 1246 1622 1298 expugnandum
1650 1247 1886 1288 'Simeonem
1917 1251 2094 1305 splugum
2125 1255 2302 1296 Romam
2330 1275 2419 1309 per-

1296 1303 1381 1352 git,
1429 1299 1554 1352 ibique
1585 1302 1649 1339 25.
1680 1308 1802 1342 annis
1834 1305 2080 1345 cathedram
2110 1310 2419 1354 Sacerdotalem

1297 1358 1421 1392 tenuit
1442 1367 1562 1405 usque
1592 1353 1647 1392 aaz
1667 1356 1850 1396 ultimum
1867 1357 2043 1398 Neronis
2061 1389 2069 1400 .
2101 1363 2248 1405 Deinde
2268 1369 2416 1408 subdit:

1297 1408 1477 1459 Sepultus
1498 1408 1640 1446 Romae
1669 1414 1710 1447 in
1733 1410 1934 1451 Vaticano
1951 1445 1962 1462 ,
1994 1416 2111 1460 juxta
2141 1423 2249 1458 viam
2277 1427 2420 1463 trium-

1301 1461 1461 1515 phalem
1492 1468 1609 1501 totius
1639 1463 1742 1503 urbis
1772 1463 2028 1507 veneratione
2058 1471 2307 1514 celebratur.

1357 1515 1424 1562 64.
1455 1517 1548 1568 Obj.
1585 1531 1617 1556 1.
1648 1517 1800 1558 Petrum
1825 1520 1986 1560 Romam
2009 1527 2181 1575 venisse,
2212 1529 2345 1583 ibique
2366 1531 2417 1570 E-

1304 1569 1540 1623 piscopalem
1570 1572 1695 1610 sedem
1726 1573 1880 1623 fixisse,
1923 1576 2063 1616 nullibi
2094 1582 2134 1618 in
2165 1581 2291 1622 Sacris
2320 1584 2417 1623 litte-

1303 1626 1354 1681 ris
1384 1624 1547 1676 legitur3
1577 1639 1650 1664 non
1679 1629 1780 1680 apud
1809 1628 1850 1667 S.
1881 1629 2026 1669 Lucam
2045 1662 2055 1680 ,
2085 1636 2154 1686 qui
2183 1646 2308 1676 tamen
2340 1639 2420 1678 alia.

1304 1678 1473 1730 ejusdem
1504 1680 1641 1718 itinera
1670 1682 1828 1720 minoris
1856 1694 1954 1722 certe
1985 1690 2165 1726 momenti
2186 1704 2419 1730 commemo-

1303 1741 1387 1778 rat3
1418 1745 1491 1769 non
1522 1734 1625 1785 apud
1654 1734 1694 1773 S.
1726 1734 1888 1774 Paulum
1907 1768 1917 1786 ,
1965 1741 2033 1791 qui
2065 1739 2217 1781 Petrum
2247 1759 2284 1782 se
2313 1746 2419 1784 Jero-

1303 1785 1490 1838 solymis,
1521 1787 1555 1824 ἃ
1577 1788 1791 1827 Antiochiae
1814 1792 1951 1830 vidisse
1981 1794 2094 1832 refert
2115 1796 2244 1836 Galat.
2268 1799 2296 1837 l.
2332 1800 2417 1849 ¹8.,

1303 1839 1337 1876 ἃ
1368 1840 1417 1877 11.
1453 1853 1513 1878 ιι.
1543 1841 1758 1882 nullatenus
1800 1853 1928 1882 autem
1960 1844 2115 1886 Romae:
2163 1859 2203 1889 at
2245 1866 2334 1891 vero
2362 1868 2420 1891 res

1303 1892 1388 1931 haec
1417 1903 1496 1931 erat
1518 1897 1685 1934 maxime
1706 1907 1833 1935 notatu
1855 1899 1995 1950 digna3
2025 1915 2070 1939 ex
2091 1902 2164 1940 hoc
2194 1906 2296 1943 enim
2317 1921 2422 1944 snm-

1307 1962 1371 1986 ma
1415 1945 1516 1984 fausta
1544 1958 1596 1985 est
1626 1949 1814 1988 Ecclesiae
1845 1951 2030 1990 Romanae
2073 1956 2268 2007 dignitatis
2298 1975 2422 1998 acces-

1305 2000 1387 2035 sio.
1435 1998 1535 2036 Sane
1563 2002 1656 2052 quia
1685 2010 1804 2040 stante
1833 2003 2057 2045 Judaeornm
2088 2010 2240 2062 republ.
2269 2012 2421 2054 Jerusa-

1305 2051 1382 2088 lem
1413 2061 1588 2090 centrum
1618 2064 1724 2102 erat,
1755 2055 1790 2091 8<
1818 2058 1923 2094 sedes
1951 2059 2168 2111 disciplinae
2199 2065 2385 2105 Mosaicae

1305 2104 1506 2155 Scriptura
1535 2105 1587 2143 V.
1618 2106 1667 2144 T.
1696 2107 1795 2146 illud
1825 2112 1992 2162 saepins,
2041 2114 2075 2150 8:
2104 2127 2233 2168 aperte
2276 2099 2421 2170 tradit}

1304 2166 1447 2208 quanto
1477 2160 1616 2210 potiori
1659 2159 1745 2211 jure
1773 2162 1964 2201 debuisset
1995 2167 2064 2204 iter
2092 2167 2191 2208 Petri
2223 2170 2385 2212 Romam

1302 2210 1503 2272 multoque
1541 2215 1661 2265 magis
1690 2215 1795 2253 sedes
1823 2216 2067 2272 Episcopalis
2104 2222 2250 2264 alicubi
2280 2206 2420 2280 indigi³

1303 2272 1403 2312 tari,
1454 2274 1492 2302 ut
1521 2280 1635 2305 nemo
1676 2269 1845 2308 inficiari
1876 2283 2023 2323 posset,
2072 2275 2235 2317 Romam
2280 2282 2420 2325 muudi

1302 2316 1514 2357 Christiani
1544 2331 1658 2372 caput
1689 2321 1831 2362 fafiam
1859 2325 1970 2366 esse?

1357 2370 1424 2410 65.
1456 2371 1568 2434 Hesp.
1599 2375 1680 2413 Hoc
1727 2389 2023 2432 argumentum,
2071 2385 2136 2422 cui
2180 2387 2421 2439 potissimum

1307 2426 1527 2475 Adversarii
1557 2427 1703 2478 fidunt,
1733 2445 1810 2469 esse
1839 2434 2035 2485 inficiare,
2084 2437 2193 2491 cujus
2224 2442 2330 2480 nulla
2361 2445 2420 2483 vis

1303 2489 1354 2516 est
1372 2510 1383 2528 ‚
1414 2481 1552 2518 fatente
1582 2492 1654 2520 toto
1680 2485 1914 2526 Criticorum
1936 2489 2073 2540 choro,
2106 2495 2260 2551 quando
2288 2506 2421 2537 contra

1303 2534 1471 2572 militant
1514 2547 1737 2587 argumenta
1767 2538 2026 2593 affirmantia,
2073 2550 2288 2598 cujusmodi
2332 2560 2420 2590 sunt

1302 2603 1374 2636 ea,
1423 2602 1513 2679 (121ae
1543 2591 1592 2627 ad
1620 2592 1891 2632 adstruendum
1932 2597 2029 2647 iter,
2077 2599 2111 2637 ἆ
2141 2601 2416 2654 Episcopatum

1302 2640 1402 2680 Petri
1467 2656 1648 2683 ornanum
1680 2660 1724 2684 ex
1766 2649 1964 2688 traditione
1999 2654 2225 2696 attulimus.
2282 2657 2420 2710 Neque

1302 2708 1394 2733 vero
1423 2696 1606 2735 mirabile
1635 2700 1756 2739 videri
1787 2701 1925 2752 debet,
1968 2706 2006 2744 id
2038 2708 2152 2746 fuisse
2188 2725 2209 2749 a
2239 2711 2279 2749 S.
2311 2712 2420 2753 Luca.

1302 2752 1632 2813 praetermissum,
1680 2763 1761 2792 tum
1792 2757 1884 2808 quia
1915 2758 2035 2799 multa
2072 2761 2176 2812 alia,
2223 2774 2263 2802 ut
2292 2766 2420 2819 inquit

1301 2805 1343 2842 b.
1373 2804 1636 2858 Hieronymus
1666 2810 1680 2858 (
1712 2810 1751 2846 in
1781 2823 1816 2847 c.
1839 2811 1876 2849 5.
1906 2826 1968 2865 ep.
1998 2814 2045 2852 ad
2075 2815 2165 2855 Gal.
2195 2819 2210 2867 )
2242 2817 2419 2859 historio-

1301 2857 1443 2910 graphi
1459 2860 1623 2898 licentia
1639 2868 1896 2911 praetermisit
1912 2896 1922 2914 ,
1953 2877 2032 2906 tum
2049 2871 2163 2909 etiam
2182 2903 2193 2920 ,
2222 2875 2314 2925 quia
2333 2873 2419 2926 ejvs

1302 2914 1529 2965 praecipuus
1557 2927 1692 2968 scopus
1719 2927 1826 2966 erat,
1873 2917 2010 2970 Pauli,
2053 2937 2128 2963 non
2158 2935 2287 2965 antem
2316 2927 2417 2967 Petri

1302 2976 1402 3018 gesta
1433 2981 1611 3007 enarrare
1629 3000 1638 3017 ‚
1668 2972 1923 3022 quamobrem
1955 2985 2036 3027 post
2067 2992 2153 3030 cap.
2174 2977 2285 3019 XVI.
2315 2981 2414 3020 Petri

1302 3019 1451 3060 nullam
1479 3021 1648 3075 amplius
1668 3028 1898 3068 mentionem
1927 3029 2046 3070 facit.
2077 3031 2183 3081 Quin
2211 3036 2292 3073 imo
2320 3035 2414 3074 bene

2261 3087 2365 3126 mul-

1291 3160 1414 3206 fuz'sse
1438 3177 1532 3198 nemo
1558 3177 1655 3200 verus
1680 3166 1903 3202 Christianus
1924 3168 2066 3204 dubitat
2080 3186 2091 3203 .·
2125 3170 2184 3204 sed
2210 3184 2287 3206 cnm
2313 3174 2411 3208 varia

1302 3208 1344 3243 ad
1371 3210 1434 3244 lioc
1462 3223 1709 3257 argumentum
1735 3213 1946 3248 eludendum
1968 3215 2167 3251 Adversarii
2192 3219 2411 3262 excogitave-

1300 3257 1372 3289 rint
1400 3257 1550 3302 effugia,
1578 3259 1663 3294 illud
1689 3259 1921 3295 omittendum
1948 3262 2134 3303 (luximus,
2158 3276 2199 3295 ne
2218 3265 2250 3296 in
2271 3276 2308 3297 re.
2324 3267 2410 3302 alio-

1300 3305 1385 3348 quin
1412 3306 1608 3340 certissima
1632 3308 1769 3354 longius
1792 3319 1995 3342 excurreret
2019 3311 2151 3342 oratio.
2178 3309 2306 3343 Confer
2331 3314 2410 3349 Ma-

1300 3350 1484 3387 machium
1509 3352 1611 3388 Tom-
1637 3354 1681 3390 V.
1707 3354 1845 3400 Origin·
1870 3359 1914 3389 Gr
1938 3355 2058 3400 Anciq.
2083 3367 2117 3401 p·
2145 3353 2224 3392 550.
2250 3369 2323 3403 seq.
