2564 3706
791 98 872 146 DE
906 94 1188 147 UNITATE
1222 93 1578 144 ECCLESIAE„

415 233 715 287 ARTICULUS
743 234 793 275 11.

53 344 333 397 Proponuntur
361 355 465 381 verae
493 353 602 381 notae
622 374 634 393 ,
676 342 811 395 quibus
828 343 963 396 facile
991 340 1043 382 ab
1071 357 1167 382 uuo-

104 410 255 450 quoque
281 401 401 448 possit
431 396 621 436 Ecclesia
653 397 796 436 Christi
824 402 1038 452 cognosci.
1080 397 1169 438 Eu.-

104 464 195 489 rum
221 460 363 491 autem
391 455 527 504 prima
558 460 615 490 est
644 456 808 492 unitas.

105 559 199 612 247.
219 535 432 604 Doctores
461 556 656 597 Catholici
684 572 760 597 non
801 559 963 599 omnino
1003 560 1102 597 inter
1132 571 1170 597 se

49 615 260 653 convenire
290 612 469 650 videntur
499 613 539 650 in
570 613 822 665 proponendis
852 627 953 654 verae
986 613 1169 652 Ecclesiae

50 668 183 714 notis3
212 666 277 705 sed
306 665 402 704 levis
423 665 506 703 haec
526 675 580 703 est
608 666 890 719 discrepantia3
919 681 1009 706 nam
1038 680 1171 705 omnes

52 721 296 760 consentiunt
326 720 366 757 in
395 728 558 773 quatuor
587 718 665 758 illis
687 750 698 769 ‚
737 733 836 772 quas
865 721 1041 771 Synodus
1069 720 1170 757 Con-

48 772 384 826 stantinopolitaua
402 775 624 826 proposuit,
654 774 805 826 quando
826 775 864 811 in
884 773 1071 826 Symbolo
1091 773 1166 812 Ec-

50 828 208 867 clesiam
228 857 239 877 ,
281 840 400 879 quam
430 828 590 880 prodere
619 840 751 866 omnes
779 826 912 865 fideles
948 827 1133 879 jubentur
1153 857 1165 875 ,

48 880 262 934 appellavit
291 892 420 919 unam
438 911 449 930 ‚
479 889 671 919 sanctam
693 910 703 928 ,
734 879 980 918 catholicam
1001 910 1012 928 ,
1041 880 1091 921 ἔθ’
1121 892 1167 917 a·

46 935 288 986 postolicam
309 960 319 973 .
349 934 491 974 Parum
521 943 650 974 autem
679 934 821 983 refert,
859 935 892 972 si
920 934 1044 986 aliqui
1073 933 1171 971 alias

50 989 197 1028 addunt
227 988 293 1040 (a)
311 1015 323 1027 .

108 1041 202 1088 248.
231 1042 307 1081 Sed
337 1040 437 1080 illud
467 1041 596 1094 primo
636 1037 920 1077 observandum
951 1051 997 1075 ex
1027 1036 1173 1075 Bellat-

47 1097 173 1135 nanto
202 1095 314 1134 Libr.
336 1094 407 1134 lV.
436 1094 486 1138 cie
514 1097 618 1132 notis
647 1091 847 1130 Ecclesiae
888 1105 976 1144 cap.
999 1091 1037 1130 5.
1060 1122 1071 1140 ,
1099 1090 1173 1129 liu-

47 1148 216 1202 jusmodi
247 1150 346 1187 notis
375 1161 451 1186 non
482 1149 535 1185 ita
563 1145 764 1184 evidenter
792 1145 1076 1194 demonstrari,
1107 1158 1173 1183 no·-

45 1212 164 1241 stram
195 1201 412 1240 Ecclesiam
440 1213 518 1238 esse
548 1212 679 1239 veram
702 1229 712 1247 ‚
754 1199 854 1238 sicut
882 1199 1080 1237 evidenter
1108 1199 1174 1238 de—

46 1263 279 1295 monstratur
306 1254 517 1307 propositio
544 1252 679 1306 aliqua
707 1253 971 1304 geometrica3
1012 1260 1105 1291 tunc
1135 1267 1174 1290 e-

46 1310 131 1347 nim
160 1307 222 1347 vel
253 1308 385 1347 nullus
420 1308 583 1346 omnino
602 1336 614 1355 ‚
661 1307 725 1345 vel
754 1307 904 1345 nonnisi
947 1307 1174 1357 paucissimi

49 1363 340 1410 invenirentur,
369 1362 438 1413 qui
469 1361 509 1399 id
539 1368 749 1413 negarent.
778 1355 889 1398 Talis
918 1359 1175 1398 nihilominus

50 1415 247 1456 evidentia
276 1417 317 1454 in
348 1416 394 1453 iis
424 1415 645 1463 invenitur,
675 1428 765 1467 quae
790 1413 989 1452 hominem
1005 1415 1175 1465 pruden-

51 1478 158 1517 tem,
189 1483 349 1522 suaeque
376 1467 510 1506 salutis
539 1467 749 1506 sollicitum
781 1481 935 1507 movere
965 1469 1104 1518 debet,
1135 1477 1175 1507 ut

51 1523 337 1562 inexcusabiles
366 1523 438 1560 sint
456 1553 466 1570 ‚
496 1524 565 1575 qui
595 1522 848 1574 pervicaciter
877 1522 1146 1573 refragantur.

114 1576 207 1628 249.
238 1576 533 1615 Observandum
563 1574 746 1624 ulterius,
789 1589 833 1613 ex
864 1576 943 1614 istis
970 1577 1068 1625 notis
1097 1589 1177 1614 non

55 1629 308 1669 demonstrari
334 1629 516 1677 directe,
558 1629 594 1666 8e
624 1633 841 1668 intrinsece
869 1631 1069 1668 veritatem
1111 1630 1179 1667 do-

50 1693 224 1737 gmatum
242 1713 253 1732 ‚
281 1697 372 1736 quae
400 1696 493 1721 vera
506 1681 649 1721 Christi
670 1682 844 1722 Ecclesia
862 1683 1088 1736 profitetur3
1117 1683 1181 1721 sed

55 1744 284 1789 argumenta
312 1735 576 1775 tantummodo
593 1737 858 1789 suppeditari,
889 1737 1032 1789 quibus
1058 1746 1182 1776 osten-

56 1791 170 1829 datur
185 1820 195 1839 ,
226 1798 392 1829 nostram
413 1789 630 1828 Ecclesiam
651 1805 730 1828 esse
751 1790 861 1828 illam
886 1791 1008 1843 ipsam
1028 1821 1038 1840 ‚
1060 1805 1181 1844 quam

51 1843 230 1883 Christus
259 1843 334 1881 sibi
371 1843 643 1896 desponsavit,
685 1843 720 1880 8t
750 1858 841 1882 cum
875 1858 952 1896 qua
994 1854 1180 1898 perpetuo

56 1911 95 1936 se
125 1909 424 1949 permansurum
453 1897 596 1950 saepius
617 1898 823 1950 promisit3
854 1898 953 1936 unde
974 1907 1100 1951 postea
1117 1902 1178 1936 in-

55 1948 202 1989 direHe
230 1951 432 2002 sequitur,
473 1952 630 1999 omnia,
660 1965 750 2004 quae
779 1951 830 1990 ab
859 1951 928 1991 ilrla
957 1965 1179 2004 proponun-

53 2013 138 2050 tur,
177 2003 385 2054 dogmata,
425 2005 628 2042 verissima
657 2017 736 2042 esse
762 2005 903 2042 debere
934 2014 1090 2055 propter
1120 2006 1179 2043 in-

53 2054 264 2097 fallibilem
294 2055 493 2106 judicandi
523 2063 743 2108 potestatem
773 2056 835 2094 issi
864 2055 1070 2095 collatam.

110 2111 204 2150 25ο.
234 2109 393 2162 Frigida
421 2117 550 2147 autem
577 2117 631 2147 est
661 2109 730 2149 itta
759 2108 958 2150 cavillatio
986 2111 1177 2150 Adversa-

53 2165 202 2207 riorum
233 2167 249 2217 (
277 2163 385 2215 apud⁴
410 2161 548 2202 Joann.
575 2162 826 2201 Gherardum
861 2167 902 2200 in
935 2164 1031 2201 locis
1068 2163 1175 2201 theo-

54 2219 192 2272 logicis
220 2217 323 2256 Loco
349 2216 502 2255 XXIII.
532 2228 620 2267 cap.
647 2228 708 2253 10.
738 2215 754 2264 )
784 2216 995 2254 dicentium
1013 2246 1024 2265 ,
1068 2226 1175 2254 notas

53 2282 227 2321 nostras,
256 2272 288 2310 si
318 2283 400 2308 rem
431 2269 579 2307 faciunt
609 2277 754 2307 tannim
783 2269 979 2308 evidenter
1008 2270 1176 2309 credibi-

52 2325 133 2365 lem
151 2357 161 2376 ‚
191 2339 270 2364 esse
298 2330 517 2376 suspectas,
546 2322 639 2376 quia
669 2323 799 2361 multa
829 2332 921 2361 sunt
941 2323 1145 2362 credibilia
1163 2354 1175 2373 ‚

57 2392 149 2433 quoe
178 2389 320 2418 tamen
350 2389 432 2416 non
460 2384 554 2414 sunt
582 2388 678 2415 vera
696 2403 706 2416 .
750 2377 885 2430 Inepta
914 2376 1000 2416 haec
1030 2387 1083 2417 est
1111 2393 1176 2417 ca·

53 2433 234 2479 villatio,
264 2444 352 2483 quae
383 2442 459 2468 non
489 2429 604 2469 habet
633 2428 761 2469 locum
780 2461 791 2480 ‚
835 2430 904 2470 ubi
934 2432 1105 2480 dicitur,
1136 2447 1178 2471 a·

53 2487 185 2539 liquid
213 2498 292 2523 esse
319 2483 520 2523 evidenter
548 2482 732 2523 credibile
742 2500 758 2531 ,-
799 2494 904 2524 tunc*
921 2486 1027 2524 enim
1059 2485 1178 2525 habe-

53 2549 117 2579 tur
145 2539 216 2578 illa
244 2539 430 2577 certitudo
457 2539 626 2576 moralis
648 2568 658 2586 ,
700 2552 780 2591 qna
810 2540 850 2576 in
879 2541 1062 2579 omnibus
1084 2571 1094 2589 ‚
1139 2555 1176 2578 e-

55 2595 150 2633 tiam
171 2594 408 2645 gravissimis
429 2591 544 2644 hujus
560 2594 651 2630 vitae
673 2593 854 2645 negotiis,
885 2591 1062 2632 homines
1084 2607 1176 2646 pru-

55 2648 185 2686 dentes
213 2647 330 2698 dirigi
357 2646 504 2685 solent.
533 2645 611 2685 Sed
639 2660 707 2699 age
725 2676 736 2696 ,
765 2647 937 2700 primam
967 2661 1071 2689 verae
1099 2648 1176 2687 Ec-

55 2697 190 2741 clesiae'
217 2710 347 2741 notam
377 2710 586 2741 statuamus
602 2725 614 2740 .

107 2982 157 3018 (α)
181 2979 216 3012 S.
235 2978 456 3023 Augustinus
482 2986 557 3013 toto
572 2979 665 3015 libro
690 2980 732 3015 cle
753 2984 883 3017 imitate
902 2979 1096 3022 Ecclesiae,
1121 2991 1182 3015 seu

62 3027 218 3070 epistola
242 3027 288 3059 acl
306 3025 511 3059 Catholicos
537 3036 658 3060 contra
678 3027 886 3062 Donatistas
908 3029 1009 3061 Tom.
1031 3029 1091 3061 lX.
1112 3040 1181 3060 non

65 3071 206 3106 aliunde
231 3072 383 3116 probat,
417 3073 614 3106 Ecclesiam
641 3083 799 3108 nostr-‘un
837 3087 909 3109 esse
935 3086 1077 3115 veram,
1114 3074 1180 3107 nisi

65 3120 148 3163 quia
176 3118 249 3152 sola
275 3117 457 3152 Catholica
485 3127 561 3160 est,
586 3120 721 3154 scilicet
748 3130 820 3156 toto
838 3122 922 3157 orbe
935 3119 1058 3154 diffusa
1075 3120 1179 3164 juxta

63 3163 300 3210 prmtietiones
326 3165 517 3210 saepissime
544 3166 646 3200 saetas
673 3169 709 3201 in
736 3168 851 3213 Lege,
888 3172 919 3201 δε
945 3169 981 3201 in
1008 3169 1180 3208 Psalmis,

66 3212 102 3243 in
123 3211 303 3257 Prophetis
317 3234 328 3253 ,
355 3221 458 3256 atque
485 3212 591 3246 etiam
618 3214 727 3257 ipsius
747 3215 880 3249 Christi
898 3228 975 3249 ore.
1002 3215 1080 3249 Non
1099 3227 1181 3259 pro-

65 3266 186 3303 pterea
211 3258 297 3291 alias
321 3257 478 3303 ejusdem
505 3271 595 3292 verae
615 3259 782 3295 Ecclesiae
799 3271 899 3296 notas
919 3261 1080 3307 rejecisse
1099 3273 1181 3294 cen-

69 3302 196 3337 send-«s
221 3312 272 3336 est
288 3326 300 3344 ,
322 3318 408 3349 quas
434 3305 519 3338 alibi
539 3316 789 3341 commemorat
804 3330 814 3350 ‚
840 3310 1013 3354 praecipue
1032 3317 1121 3341 cont.
1144 3321 1178 3341 e·

65 3353 151 3394 pist.
168 3350 390 3396 fundmnenti
415 3365 444 3386 c.
474 3352 506 3395 4.
533 3353 637 3389 '1¹01n.
660 3353 694 3389 8.
723 3353 810 3390 Vide
836 3357 927 3390 infra
954 3367 1050 3390 mun.
1077 3355 1142 3390 ult..

2199 102 2285 146 215

1618 226 1924 273 PROPOSITIO
1939 260 1951 273 .

1238 339 1347 380 Vera
1379 339 1521 379 Christi
1550 336 1743 386 Ecclesia‘
1769 338 1880 378 debet
1908 353 1997 379 esse
2026 353 2130 390 una,
2161 348 2345 384 maxime

1292 409 1380 434 vero
1408 397 1563 432 unitate
1579 392 1713 446 fidei,
1743 393 1792 433 &
1822 398 2064 446 regiminis:
2101 396 2188 436 lzaec
2214 403 2349 450 proin-

1291 448 1340 488 de
1371 453 1504 487 unitas
1533 456 1591 486 est
1620 460 1724 486 verae
1753 445 1951 486 Ecclesiae
1981 458 2105 489 noia.

1290 557 1384 596 251.
1404 531 1539 599 Proh.
1569 555 1724 608 primo,
1771 554 1987 594 Ecclesiam
2026 554 2163 595 debere
2200 571 2275 596 esse
2304 572 2351 595 u-

1239 625 1328 649 nam
1359 623 1403 648 ex
1434 611 1551 649 variis
1582 611 1779 662 utriusque
1809 610 1967 648 foederis
1996 609 2115 648 locis.
2152 610 2259 649 Cant.
2282 612 2351 650 Vt.

1239 663 1277 702 8.
1299 666 1459 702 dicitur:
1488 677 1573 701 una
1603 673 1660 702 est
1676 662 1861 701 columba
1883 676 1978 702 mea
1996 693 2006 711 ,
2035 663 2218 716 perfecta
2236 677 2352 713 metz,

1237 730 1322 755 una
1351 726 1411 756 esi·
1441 721 1585 755 marris
1605 731 1691 756 suae
1708 745 1717 756 .
1747 717 1915 755 Nomine
1936 726 2061 757 autem
2083 717 2268 756 columba
2289 719 2353 756 dea

1236 772 1380 823 signari
1411 770 1626 809 Ecclesiam
1657 773 1774 810 sancti
1806 771 1958 820 Patres,
2002 780 2120 826 atque
2158 773 2355 825 imprimis

1234 824 1276 862 S.
1307 825 1539 876 Augustinus
1568 824 1647 876 jam
1675 826 1924 864 observarunt
1953 824 2011 877 (b)
2033 852 2045 864 .

1292 878 1387 915 252.
1417 878 1680 917 Observarnnt
1706 880 1824 918 etiam
1841 910 1851 930 ,
1882 882 2065 918 unitatem
2085 878 2272 919 Ecclesiae
2293 879 2359 918 de-

1236 930 1378 981 signari
1410 933 1448 970 in
1477 931 1596 970 Sacra
1616 932 1819 985 Scriptura
1848 935 1967 973 variis
1996 934 2129 986 figuris
2148 964 2158 983 ‚
2188 944 2229 972 ut
2257 935 2295 973 in
2313 933 2360 977 il-

1239 981 1278 1020 la
1308 996 1393 1021 tina,
1422 984 1541 1022 domo
1559 1014 1569 1032 ‚
1600 987 1638 1022 in
1669 1001 1744 1038 qua
1766 988 2022 1026 comedendus
2051 997 2131 1026 erat
2151 1002 2269 1040 agnus
2289 1003 2358 1040 pa«

1239 1034 1384 1074 schalis
1413 1036 1549 1074 Exodi
1569 1036 1664 1076 XII.
1695 1039 1790 1088 46„
1836 1050 1917 1078 tum
1948 1042 1986 1079 in
2030 1044 2158 1080 tunica
2200 1041 2270 1081 illa
2299 1043 2360 1079 in-

1242 1089 1420 1127 consutili
1450 1091 1538 1128 Jesu
1569 1091 1738 1140 Christi,
1778 1107 1897 1144 quam
1927 1109 1949 1132 a
1980 1094 2170 1134 militibus
2198 1096 2361 1135 minime

1240 1144 1366 1182 scindi
1395 1142 1518 1182 voluit
1549 1142 1652 1182 Deus
1681 1144 1799 1185 Jonn.
1821 1145 1938 1184 XIX.
1970 1148 2034 1186 23.
2066 1154 2144 1200 seq.
2180 1163 2225 1187 ac
2255 1150 2363 1188 deni·-

1242 1212 1319 1250 que
1347 1197 1604 1235 similitudine
1633 1199 1750 1236 unius
1779 1201 1971 1251 corporis,
2001 1199 2114 1248 cujus
2133 1210 2217 1239 sunt
2239 1202 2361 1243 multa.

1242 1250 1420 1289 membra
1451 1250 1627 1289 Roman.
1657 1250 1754 1290 XII.
1785 1252 1823 1298 4.
1853 1253 1887 1289 8<
1924 1267 1957 1291 r.
1987 1253 2141 1292 Conni.
2169 1253 2265 1293 XII.
2301 1270 2363 1295 12.

1243 1304 1323 1342 Has
1363 1317 1493 1342 omnes
1535 1305 1677 1356 figuras
1721 1306 1874 1344 unitatis
1901 1306 2088 1346 Ecclesiae
2119 1307 2299 1361 collegit,
2330 1309 2365 1345 ἃ

1242 1357 1407 1410 pulchre
1435 1360 1634 1396 exornavit
1665 1359 1706 1398 S.
1726 1360 1946 1412 Cyprianus
1976 1362 2015 1399 in
2034 1375 2152 1401 aureo
2178 1375 2293 1415 opere
2313 1358 2364 1403 cie

1242 1415 1400 1450 unitate
1430 1411 1630 1450 Ecclesiae
1647 1439 1657 1450 .

1300 1466 1391 1504 255.
1424 1466 1534 1504 Hanc
1565 1475 1694 1505 autem
1723 1467 1908 1506 unitatem
1945 1469 2188 1520 potissimum
2218 1483 2295 1509 esse
2325 1471 2365 1510 iu

1242 1519 1416 1558 doctriua
1445 1520 1534 1558 fidei
1558 1550 1568 1567 ‚
1597 1521 1770 1569 clarius,
1816 1534 1860 1559 ac
1889 1521 1968 1559 sine
2002 1523 2136 1574 figuris
2165 1537 2231 1562 nos
2259 1525 2366 1563 docet

1245 1573 1286 1612 S.
1316 1572 1459 1611 Paulus
1488 1573 1637 1625 Epizes.
1660 1573 1732 1613 JV.
1763 1575 1801 1614 5.
1832 1589 1909 1628 seq.
1929 1605 1938 1623 ‚
1969 1572 2048 1615 ubi‘
2067 1576 2239 1617 hortatur
2268 1578 2362 1617 fide-

1248 1626 1323 1675 les,
1363 1636 1403 1664 nt
1432 1628 1507 1666 sint
1535 1628 1690 1666 solliciti
1719 1641 1879 1667 servare
1908 1634 2104 1669 unitatem
2135 1635 2294 1684 spiritus
2324 1636 2368 1670 in.

1246 1682 1402 1719 vinculo
1429 1686 1572 1732 pacis:
1621 1696 1745 1720 unum
1775 1696 1940 1734 corpus,
1989 1686 2115 1738 inquit
2133 1716 2142 1732 ,
2186 1687 2234 1727 Θ
2264 1699 2367 1725 unus

1246 1739 1409 1787 spiritus
1431 1762 1440 1773 .
1461 1762 1473 1774 .
1495 1762 1507 1774 .
1531 1762 1541 1774 .
1567 1733 1678 1774 Unus
1707 1736 1908 1776 Dominus
1930 1769 1940 1786 ,
1970 1751 2056 1776 una.
2071 1738 2210 1791 ficies,
2240 1753 2366 1778 unum

1249 1787 1454 1841 baptisma,
1476 1820 1486 1839 ‚
1517 1804 1618 1828 unus
1647 1789 1781 1839 Deus,
1811 1791 1860 1832 ἔθ’
1889 1800 2005 1843 pater
2033 1797 2215 1832 omniurn
2244 1794 2332 1835 &a
2350 1811 2365 1840 ‚-

1243 1843 1297 1884 <90
1328 1843 1505 1881 Roman.
1526 1843 1639 1883 XVI.
1675 1858 1736 1895 17.
1777 1843 1887 1896 Rogo
1917 1860 1982 1884 vos
1998 1845 2189 1898 fratres,
2232 1857 2274 1884 ut
2301 1848 2367 1885 ob-

1246 1901 1408 1935 serv-etis
1444 1911 1543 1946 eos,
1586 1901 1650 1949 qui
1692 1898 1988 1948 dissensiones,
2029 1901 2079 1941 <9¹
2122 1898 2369 1949 offendicula.

1244 1959 1394 2000 praeter
1415 1950 1645 1988 doctrinam
1663 1980 1674 1998 ,
1704 1963 1829 2002 quam
1850 1964 1914 1990 vos
1935 1952 2147 2002 didicistis,
2173 1954 2336 2006 friciunt
2352 1971 2367 2001 ,-

1247 2004 1296 2042 (9⁴
1326 2002 1528 2049 declinate
1555 2001 1608 2041 ab
1636 2004 1715 2041 illis
1737 2030 1748 2042 .
1777 2004 1825 2043 Et
1854 2005 1952 2044 nihil
1984 2009 2106 2059 magis
2134 2001 2176 2048 in
2199 2008 2371 2048 Pauliuis

1244 2056 1417 2109 epistolis
1434 2086 1444 2105 ‚
1474 2059 1554 2095 imo
1584 2058 1660 2095 toto
1687 2064 1787 2097 novo
1813 2060 1962 2097 foedere
1988 2062 2098 2099 nobis
2129 2061 2370 2102 inculcatum

1244 2118 1322 2157 est,
1352 2124 1472 2162 quam
1489 2112 1634 2159 unitas,
1657 2110 1690 2146 8<
1706 2113 1911 2150 concordia
1935 2115 2105 2151 maxime
2121 2115 2158 2152 in
2174 2115 2367 2155 doctrina.

1302 2164 1394 2208 254.
1426 2162 1623 2201 Unitatem
1655 2164 1770 2201 etiam
1801 2166 2001 2216 regiminis
2020 2166 2091 2205 sub
2119 2167 2278 2208 diversis
2300 2169 2371 2209 Pa-

1244 2216 1408 2254 storibus
1430 2246 1440 2264 ,
1470 2216 1506 2253 8<
1535 2229 1612 2253 uuo
1640 2219 1764 2269 capite
1793 2219 1897 2256 idem
1928 2219 2056 2259 Sanct.
2087 2220 2227 2259 Paulus
2258 2237 2369 2276 aper·

1244 2278 1280 2308 te
1301 2269 1497 2318 declarat,
1527 2271 1620 2308 dum
1643 2269 1725 2308 vult
1746 2300 1757 2319 ,
1788 2270 2008 2312 Ecclesiam
2037 2288 2114 2313 esse
2134 2289 2260 2313 unum
2281 2290 2368 2316 cor-

1241 2336 1314 2374 pus
1343 2327 1385 2362 in
1417 2322 1570 2362 Clzristo
1602 2323 1764 2363 Roman.
1786 2324 1876 2363 XII.
1908 2326 1946 2364 5.
1977 2327 2011 2364 ἃ
2040 2328 2137 2367 alibi
2181 2330 2363 2383 frequen-

1242 2387 1325 2424 ter3
1368 2377 1472 2430 quod
1501 2387 1602 2416 certe
1633 2391 1770 2430 corpus
1800 2380 1878 2416 sine
1926 2382 2051 2433 capite
2081 2397 2160 2421 esse
2191 2397 2267 2423 non
2298 2398 2363 2437 po-

1242 2441 1338 2470 test.
1381 2432 1430 2470 Et
1459 2446 1548 2469 cum
1579 2431 1755 2473 Ecclesia
1783 2435 1827 2470 sit
1857 2447 1997 2486 corpus
2025 2436 2207 2486 visibile,
2245 2440 2366 2478 etiam

1243 2485 1352 2524 illius
1381 2495 1499 2537 caput
1529 2485 1683 2524 visibile
1713 2500 1790 2524 esse
1819 2487 1931 2525 debet
1952 2515 1962 2526 .
2004 2491 2117 2538 Quod
2148 2491 2273 2530 adhuc
2305 2492 2365 2530 lu-

1242 2539 1434 2578 culentius
1472 2540 1575 2579 idem
1606 2540 1647 2578 S.
1680 2539 1883 2592 Apostolus
1926 2544 2085 2581 ostendit
2124 2544 2271 2595 Ep'zes.
2295 2547 2364 2586 IV.

1250 2607 1312 2632 11.
1343 2594 1498 2643 dicens,
1540 2593 1735 2632 Christum
1767 2594 1923 2633 dedisse
1964 2596 2160 2648 quosdam
2205 2600 2366 2650 quidem.

1244 2647 1453 2699 Apostolos
1470 2678 1480 2696 ‚
1511 2647 1708 2699 quostiam
1737 2657 1878 2687 autem
1901 2649 2123 2701 Prophetae
2140 2683 2150 2701 ,
2181 2655 2282 2692 alios
2301 2669 2363 2694 ‹fe-

1242 2715 1289 2740 ro
1309 2700 1625 2755 Evcingeiistczs,
1656 2702 1928 2742 aliosaurem
1960 2703 2168 2756 Primores,
2199 2707 2248 2748 t&
2279 2706 2365 2747 Do-

1246 2755 1372 2794 &ores
1394 2785 1404 2804 ,
1428 2782 1439 2794 .
1461 2783 1471 2794 .
1494 2782 1505 2794 .
1526 2759 1568 2794 in
1612 2755 1931 2809 aedificationem
1972 2759 2153 2812 Corporis
2195 2761 2338 2801 Christi
2353 2788 2364 2801 .

1247 2810 1306 2849 Ac
1335 2810 1521 2860 demum,
1564 2818 1606 2849 ut
1634 2820 1806 2850 sexcenta
1834 2812 1913 2852 alia
1944 2813 2028 2854 loca
2063 2817 2238 2854 omittam
2257 2846 2266 2864 ‚
2304 2831 2366 2856 ce-

2259 2868 2314 2908 le-

1295 2979 1343 3020 (b)
1374 2978 1582 3025 Speciminis
1617 2981 1692 3016 loco
1726 2982 1771 3016 sit
1798 2983 1949 3028 Optatus
1976 2985 2205 3019 Milevitnnus
2233 2985 2310 3020 Lil).
2338 2987 2363 3019 1.

1249 3029 1326 3062 adv·
1353 3026 1632 3070 Parmem'mmm,
1658 3031 1717 3064 nbi
1747 3031 1886 3075 inquit,
1914 3032 2239 3076 Christus-sponsus
2258 3042 2309 3064 est
2329 3046 2367 3065 tt·-

1249 3079 1328 3108 nius
1356 3074 1552 3116 Ecclesia,
1591 3080 1682 3110 sient
1708 3081 1742 3110 in
1771 3075 1933 3112 Canna-is
1960 3080 2178 3113 sarvie-orum
2214 3085 2287 3123 ipse
2313 3087 2364 3111 te·-

1250 3130 1384 3162 statur,
1409 3126 1464 3166 qni
1491 3134 1562 3155 cum
1588 3135 1681 3158 uuam
1705 3125 1843 3164 laudat,
1869 3134 2004 3160 ceteras
2030 3129 2191 3160 rlamnat.
2220 3127 2258 3159 ΕΙ
2283 3133 2361 3157 ante

1248 3181 1326 3201 eum
1353 3169 1388 3201 S.
1415 3170 1614 3213 Cyprianus
1641 3172 1684 3205 cle
1709 3175 1794 3205 nnit-
1821 3171 1992 3207 Ecclnsiae
2018 3186 2051 3206 n.
2081 3184 2110 3217 7.
2150 3183 2239 3217 ‘sturm
2267 3170 2374 3203 tinam*

1248 3215 1449 3249 Ecclesiam
1465 3237 1474 3254 2
1498 3217 1571 3256 ait,
1598 3221 1701 3251 etiam
1728 3224 1762 3252 in
1790 3218 1936 3253 Camico
1961 3221 2177 3254 Canticorum
2204 3219 2358 3261 Spiritus

1249 3263 1392 3296 Summis
1418 3275 1460 3295 ex
1484 3275 1631 3306 persona
1650 3263 1793 3300 Domini
1809 3267 1973 3312 designat
1989 3288 1999 3308 9
2027 3271 2067 3300 (θ’
2086 3270 2176 3301 dicit
2192 3293 2194 3297 ,
2225 3276 2286 3296 una
2306 3271 2361 3297 eft

1248 3310 1399 3344 columba
1424 3321 1498 3344 mea
1525 3314 1599 3344 (ssc-
