2564 3706
903 105 984 151 DE
1017 104 1275 150 AUCTOR.
1308 101 1572 148 PENTAT.

92 188 301 243 supponit,
327 187 465 227 nedum
495 183 684 224 israelitas
712 183 825 224 fnisse
853 183 935 237 jam
965 187 1004 224 iu
1031 184 1201 225 Palaesti·

92 257 169 292 na,
215 243 279 281 sed
305 243 419 279 etiam
448 239 637 278 ldumaeos
665 238 882 290 expulisse,
918 240 1021 291 quod
1051 240 1201 278 nonnisi

92 295 219 335 David
246 302 421 346 regnante
448 293 622 344 contigit.
655 291 696 331 3.
725 290 908 343 Ejusdem
938 291 1102 330 Denter.
1132 293 1198 331 111.

94 361 155 388 11.
184 346 323 384 dicitur
351 346 396 384 de
411 346 471 398 Og
487 358 573 396 rege
601 345 724 384 Basan
741 374 752 392 ,
780 346 848 397 qui
879 344 979 384 solus
1009 359 1199 383 remanse-

91 409 146 449 rat
173 399 221 437 de
247 400 364 452 stirpe
403 401 627 451 gigantum:
675 397 930 436 Monstratw·
967 397 1085 437 1061115
1113 400 1200 450 ejus

76 451 271 507 ferreus,
313 455 378 504 qui
403 461 464 490 est
505 454 548 488 in
575 449 755 489 Rabhaclz
780 451 965 504 filiorum
994 453 1198 500 Ammon,

88 519 228 544 novem
270 505 418 543 cubitos
446 503 596 542 hahens
624 505 907 557 longitudinis,
949 505 1000 545 ὠ
1028 514 1200 556 quatuor

86 557 306 597 latitudinis
347 557 403 597 ad
431 570 668 596 mensuram
710 557 825 596 cubiti
863 558 980 596 virilis
1022 571 1197 596 manus.

87 610 163 651 Hic
192 611 306 665 plura
334 620 437 658 sunt,
472 624 562 665 que:
593 620 743 650 aetatem
773 611 942 649 redolent
970 611 1099 664 Moysi
1132 624 1198 661 po-

86 666 304 705 steriorem.
337 677 372 703 1.
401 663 530 703 Eccur
560 663 713 717 Moyses
740 666 902 716 gigantis
930 666 1193 716 proceritatem

85 732 133 758 ex
159 717 249 757 lecti
277 730 455 757 mensura
490 716 692 756 indicasset
718 717 898 755 Israelitis
916 748 927 765 ,
970 719 1036 770 qni
1068 719 1195 769 ipsum

85 773 248 818 vivum,
284 771 318 807 &
349 779 582 823 pugnantem
610 772 652 809 in
680 772 762 808 acie
779 800 790 818 ,
826 778 909 850 post
937 779 1066 807 autem
1093 769 1196 805 occi-

80 837 169 863 611111
186 854 197 873 ,
227 822 261 860 ἃ
289 821 399 861 humi
427 822 616 874 jacentem
643 823 837 862 viderant.
872 835 908 859 2.
939 821 1113 872 Gigantis
1142 819 1197 856 le·

81 886 166 917 ctus
192 885 304 916 aetate
331 876 481 930 Moysis
509 876 752 930 probabilius
793 876 834 912 in
863 873 982 911 Basan
1024 872 1198 923 ejusdem

83 931 247 984 gigantis
274 931 398 982 patria
424 942 504 968 esse
530 927 715 976 debebat,
744 940 862 978 quam
891 927 931 963 in
952 924 1129 963 Rabbatb
1158 940 1198 963 a-

116 983 166 1022 ud
193 983 460 1022 Ammonitas.
507 981 679 1020 Demum
709 976 928 1019 verosimile
965 980 1089 1030 potius
1116 987 1199 1027 est,

84 999 309 1088 gujusmodi
351 1034 493 1072 lectum
522 1033 638 1070 fuisse
678 1044 722 1068 eo
757 1040 926 1084 tempore
969 1033 1197 1081 inventum,

84 1102 161 1143 quo
182 1088 308 1128 David
329 1086 558 1126 Ammonitis
584 1084 744 1122 devictis
766 1082 941 1122 Rabbath
969 1085 1199 1137 occupavit,

85 1135 410 1196 quemadmodum
438 1138 528 1178 Lib.
550 1150 587 1177 2.
608 1136 763 1190 Regum
783 1137 872 1175 XII.
896 1138 960 1176 50.
987 1146 1171 1177 narratur
1185 1164 1198 1176 .

86 1193 241 1237 Accedit
279 1191 312 1228 ἃ
343 1191 440 1230 illud
469 1191 572 1244 quod
600 1189 739 1244 legitur
767 1189 934 1229 Denter.
965 1191 1030 1230 III.
1065 1191 1126 1238 14.
1154 1191 1200 1229 de

85 1246 166 1285 Jair
194 1243 389 1284 Manasse:
422 1249 645 1295 vocavitque
674 1257 728 1283 ex
754 1248 919 1283 nomine
946 1257 1017 1283 suo
1036 1244 1200 1294 Busan,

88 1297 247 1337 H'avoth
273 1295 362 1336 Jair
375 1313 392 1344 ,·
434 1297 534 1337 idest
564 1295 692 1337 Villas
720 1296 828 1347 Jat‘r,
873 1310 994 1348 usque
1030 1303 1072 1336 in
1096 1311 1201 1348 proe-

89 1361 245 1391 sentem
266 1350 374 1390 diem
389 1365 403 1388 .·
433 1365 520 1404 quae
542 1361 732 1405 postrema
762 1350 879 1391 verba
900 1352 1034 1391 inscite
1062 1352 1112 1391 ab
1133 1365 1200 1391 au-

84 1414 187 1445 ctore
214 1417 345 1443 0οκνο
373 1403 547 1444 adhibita
575 1405 763 1444 fuissent.

148 1457 237 1509 159.
267 1455 380 1510 Resp.
410 1457 458 1496 ad
493 1470 554 1507 1.,
584 1458 623 1496 id
645 1473 666 1496 a
684 1458 782 1496 bene
811 1457 944 1497 multis
972 1460 1067 1497 inter
1087 1458 1203 1510 Moy-

85 1512 136 1552 sis
164 1509 381 1564 prophetias
400 1511 616 1559 recenseri,
645 1520 828 1563 quatenus
848 1512 1054 1564 praevidit,
1083 1512 1203 1549 Israe-

88 1563 167 1603 litis
196 1565 237 1602 in
265 1563 409 1602 deserto
450 1577 664 1617 numquam
693 1563 886 1602 coelestem
917 1563 1031 1603 illum
1068 1565 1202 1602 cibum

87 1617 344 1665 defuturum,
390 1630 589 1669 quousque
618 1625 815 1668 tangerent
844 1616 936 1655 fines
966 1626 1075 1655 terrae
1104 1617 1204 1655 Clua-

88 1685 187 1709 naau
204 1695 215 1708 .
262 1668 376 1718 Quod
404 1670 436 1707 si
464 1668 548 1707 haec
589 1671 781 1721 responsio
809 1668 1007 1722 aliquibus
1044 1671 1204 1707 minime

88 1722 266 1776 placeat,
312 1721 406 1775 quia
434 1721 493 1761 ihi
522 1734 596 1760 non
623 1723 798 1761 futurum
816 1752 826 1770 ‚
873 1723 939 1761 sed
967 1724 1204 1775 praeteritum

86 1785 240 1828 tempus
268 1777 424 1827 ponitur
441 1805 452 1823 ,
500 1775 602 1813 nihil
630 1784 755 1824 vetat,
804 1785 844 1813 ut
872 1777 1045 1815 dicamus
1062 1806 1072 1824 ,
1120 1776 1204 1814 haec

91 1843 217 1882 pauca
246 1827 362 1866 verba
391 1828 508 1866 fuisse
536 1828 587 1866 ab
607 1827 684 1866 alio
711 1827 863 1867 auetore
891 1842 1001 1868 sacro
1029 1828 1175 1880 adje&a
1192 1859 1202 1876 ,

83 1895 180 1921 cum
206 1879 358 1919 nullam
379 1879 545 1919 habeant
572 1895 663 1921 cum
684 1881 878 1934 prioribus
907 1883 1203 1930 connexionem,

87 1933 124 1970 ἃ
167 1932 292 1972 solum
333 1933 382 1971 ad
423 1932 592 1972 historiae
635 1934 964 1986 complementum
1004 1934 1200 1986 speritent.

79 1986 324 2038 *Quanquam
345 1984 497 2038 Moyses
525 1987 578 2023 uti
607 1987 724 2024 etiam
750 1989 874 2038 potuit
903 1996 1072 2039 tempore
1101 2000 1203 2039 prae⁴

80 2041 199 2079 terito
225 2038 275 2077 ad
301 2037 558 2077 denotandam
586 2038 1037 2079 certitudinem.eventus
1054 2065 1066 2078 .

147 2091 240 2138 140.
268 2090 329 2129 Ad
359 2103 396 2130 2.
424 2090 505 2130 Nec
546 2104 670 2131 unum
699 2091 861 2131 verbum
890 2102 945 2131 est
973 2094 1012 2131 in
1049 2093 1134 2131 loco
1159 2107 1202 2130 o-

89 2145 219 2198 bjecto
234 2174 244 2193 ,
273 2153 351 2197 quo
363 2144 554 2184 indicetur
568 2175 580 2195 ,
608 2146 800 2184 Idumaeos
816 2146 930 2183 fuisse
955 2161 977 2184 a
998 2155 1097 2185 terra
1117 2147 1203 2184 Seir

83 2199 136 2245 ab
156 2196 338 2238 Israelitis
366 2197 570 2251 expulsos,
599 2208 712 2250 atque
736 2198 904 2236 deletos:
933 2199 997 2236 sed
1027 2198 1096 2237 illa
1117 2212 1202 2237 ver-

82 2253 162 2293 ba:
191 2255 290 2290 sieut
303 2249 413 2303 feeit
441 2250 572 2289 Israel
599 2255 641 2288 in
669 2259 782 2289 terra
809 2254 1066 2301 possessionis
1094 2265 1201 2300 suae,

83 2307 306 2346 referuntur
328 2304 384 2342 ad
413 2303 686 2352 Amorrhaeos,
732 2303 767 2340 ἃ
796 2304 1016 2353 Basanitas‚
1058 2305 1202 2357 quibus

84 2358 296 2400 elimina-tis
310 2355 510 2395 Rubentiae
527 2387 539 2405 ‚
568 2357 770 2396 &Gaditae
784 2386 796 2406 ,
822 2371 914 2396 cum
933 2358 1097 2397 dimidia
1117 2358 1204 2397 Ma-

86 2423 322 2451 nassaeorum
351 2409 454 2448 tribu
468 2419 666 2462 coeperant
693 2419 834 2449 terram
863 2412 1105 2464 possessionis
1124 2426 1203 2450 suae

85 2475 304 2516 occupare3
334 2462 434 2513 quod
461 2465 596 2514 utique
625 2463 762 2516 Moyse
790 2465 941 2503 vivente
970 2466 1155 2517 contigit.

149 2517 239 2563 141.
269 2514 446 2552 Tertium
466 2514 795 2554 nullamcoutinet
809 2516 1101 2557 difficultatem.
1134 2518 1201 2556 Po-

91 2569 166 2608 tuit
193 2568 295 2606 enim
316 2565 385 2603 Mo
416 2579 471 2605 ses
500 2569 712 2607 immanem
743 2568 918 2619 Gigantis
946 2570 1005 2620 og
1035 2572 1201 2621 proceri-

89 2632 206 2662 tatem
247 2633 294 2658 ex
322 2580 414 2657 ledi
441 2634 621 2660 mensura
660 2621 891 2672 indigitare,
937 2630 1020 2659 tum
1049 2633 1201 2674 propter

89 2678 180 2724 eos,
208 2674 277 2728 qui
301 2685 394 2710 eum
424 2670 504 2722 jam
535 2674 706 2713 viderant
734 2675 892 2727 quidem
911 2705 922 2723 ,
951 2675 1015 2713 sed
1044 2690 1200 2715 accura-

94 2738 132 2767 te
162 2727 282 2766 metiti
310 2738 386 2764 non
407 2725 586 2773 fuerant3
615 2736 698 2766 tum
729 2737 882 2780 propter
911 2741 971 2766 eos
988 2758 999 2776 ,
1029 2730 1095 2781 qui
1125 2743 1199 2768 non

92 2781 293 2826 viderant3
321 2787 404 2817 tum
431 2779 598 2833 denique
620 2790 659 2819 ut
686 2779 804 2833 hujus
833 2782 888 2820 rei
909 2782 1093 2821 memoria
1113 2796 1202 2822 con·

97 2842 313 2874 servaretur
327 2859 340 2870 .

158 2887 245 2933 141.
275 2886 380 2927 Dum
395 2895 524 2927 autem
544 2897 722 2941 quaerunt
740 2889 970 2938 adversarii,
998 2902 1067 2927 cur
1087 2889 1205 2941 ipsius

94 2939 241 2980 10811111
255 2942 386 2980 nonin
402 2942 521 2980 ssasan
537 2971 548 2991 ,
578 2943 640 2983 sed
653 2942 756 2997 apud
777 2942 1012 2983 Ammonitas
1035 2956 1202 2981 servare-

93 2992 189 3034 tur?
219 2993 331 3044 Resp.
360 2995 400 3033 id
421 2994 553 3032 multis
566 2995 613 3033 de
639 2996 762 3034 causis
792 2995 876 3034 fieri
899 2996 1079 3049 potuisse,
1109 3010 1204 3048 quas

98 3060 205 3100 sacer
232 3055 352 3084 textus
380 3061 454 3086 non
482 3049 664 3099 exponit.
707 3048 782 3087 Sed
810 3063 854 3088 ea
882 3048 1088 3089 admodum
1117 3062 1204 3101 pro-

101 3098 246 3138 babilis
273 3109 353 3149 est,
395 3100 498 3153 quod
525 3101 584 3152 og
611 3102 657 3143 de
685 3109 758 3141 tota
787 3104 841 3140 rei
870 3117 1021 3141 sumina
1049 3116 1139 3140 cum
1169 3102 1203 3139 I-

103 3151 267 3192 sraelitis
313 3154 572 3194 decertaturus
613 3152 756 3194 lectum
793 3169 871 3196 una
916 3169 1007 3195 cum
1053 3154 1203 3210 reliqua

154 3315 203 3352 (a)
229 3314 280 3345 lta
305 3312 429 3358 objicit
453 3314 650 3348 Voltairius
677 3312 714 3348 in

222 3357 462 3414 Gazzaniga
485 3360 617 3401 leeol.
647 3360 761 3402 Tom.
782 3361 813 3401 1.

2233 109 2312 152 105

1268 182 1498 238 supellectili
1545 182 1648 234 apud
1678 181 1914 224 Ammonitas
1960 186 2001 224 in
2043 193 2127 224 tuto
2173 187 2374 239 posuerit.

1328 237 1415 283 145.
1445 235 1557 284 Quod
1587 248 1674 273 vero
1702 237 1875 275 additum
1903 239 1999 287 suit,
2041 241 2202 292 gigantis
2231 238 2373 277 lectum

1267 299 1357 330 tunc
1387 290 1500 328 fuisse
1530 289 1724 326 inventum
1745 318 1755 335 ,
1784 291 1938 340 quaudo
1964 307 1987 329 a
2006 292 2154 330 Davide
2176 294 2374 332 Ammoni-

1269 353 1316 383 tae
1347 341 1486 382 devicti
1515 350 1630 390 suut,
1660 354 1764 379 mera
1791 352 1846 379 est
1874 343 2058 381 divinatio
2087 348 2189 384 omni
2219 347 2374 385 destitu-

1269 407 1305 436 ta
1335 397 1713 440 suiidainento311am
1745 396 1783 431 111
1811 394 1901 433 Lib.
1923 396 1974 433 11.
2004 395 2157 448 Regum
2192 413 2251 438 12.
2283 401 2376 437 Am-

1269 452 1503 490 monitarum
1531 449 1686 501 quidem
1707 446 1914 486 debellatio
1933 458 2127 496 narratur,
2157 452 2218 488 sed
2247 452 2292 489 de
2323 453 2379 490 le-

1269 504 1326 541 ἂο
1353 504 1513 555 gigantis
1543 516 1586 539 ne
1615 500 1691 552 jota
1719 501 1876 554 quidem
1907 499 2095 539 habetur.
2136 503 2314 540 Ceterum
2345 507 2376 543 si

1266 556 1349 595 11310
1370 559 1485 594 etiam
1503 564 1574 593 tota
1590 554 1772 607 periocha
1788 553 1898 605 juxta
1909 556 2090 607 superius
2104 553 2204 592 dicta
2223 555 2272 594 ab
2303 556 2376 594 ali-

1264 624 1341 662 quo
1356 607 1502 660 3111οἃ11
1519 609 1707 656 credatur,
1729 621 1800 645 non
1820 620 2046 659 magnopere
2063 610 2370 659 repugnaverim.

1320 662 1410 707 ¹44«
1444 662 1499 699 Ad
1529 661 1656 698 ultim.
1699 661 1834 698 eadem
1875 662 1921 698 sit
1963 661 2181 712 responsi05
2230 662 2374 699 scilicet

1262 713 1477 753 clausulam
1509 713 1617 752 illam
1647 727 1767 761 usque
1794 718 1836 751 in
1854 723 2098 764 praesetnem
2121 712 2233 752 diem
2264 714 2376 753 fuisse

1264 777 1391 818 postea
1431 766 1648 816 adjeaam.
1694 767 1932 819 Quanquam
1968 767 2008 805 id
2051 769 2172 820 potuit
2208 768 2323 806 etiam
2355 785 2379 807 a.

1265 819 1403 871 Moyse
1443 819 1587 866 scr-ihi,
1634 820 1961 872 quemadmodum
1998 819 2126 858 San&
2169 820 2376 859 Matthaeus

1265 872 1415 923 scripsit
1445 871 1613 910 XXVII.
1644 873 1708 910 8.:
1734 882 1893 923 propter
1908 873 1979 911 hoc
2009 883 2169 912 vocatus
2189 883 2248 912 esc
2276 888 2376 928 ager

1266 924 1331 962 ille
1361 922 1624 961 Haceltlama
1660 938 1780 976 usque
1809 931 1852 963 in
1880 925 2114 964 hodiernum
2157 927 2295 973 diem,·
2341 928 2377 965 8<

1267 984 1397 1029 postea
1418 976 1584 1014 XXVII.
1620 978 1704 1015 15.:
1735 977 1996 1030 Divulgaturn
2010 990 2074 1018 est
2095 979 2251 1018 verbum
2272 981 2376 1020 istud

1268 1028 1375 1082 apud
1403 1027 1562 1066 Judoeos
1591 1043 1711 1080 usque
1741 1034 1782 1067 in
1809 1031 2042 1070 hodiernum
2072 1033 2206 1072 diem.

1323 1082 1415 1128 145.
1446 1081 1589 1119 Instab.
1618 1091 1779 1134 qua-rte.
1825 1084 1964 1122 Auctor
1993 1085 2294 1125 Deuteronomii
2322 1088 2376 1127 sic

1266 1136 1483 1174 exorditur:
1513 1133 1596 1172 hoec
1616 1144 1707 1172 sunt
1735 1134 1873 1183 verba,
1902 1150 1991 1187 quoe
2007 1139 2153 1175 locutus
2173 1149 2230 1177 est
2252 1141 2374 1191 Moy-

1267 1203 1330 1228 ses
1359 1188 1415 1227 ad
1441 1201 1607 1227 omnem
1636 1186 1764 1226 Israel
1792 1197 1908 1226 vans
1938 1189 2185 1229 Iordanem.
2213 1193 2256 1229 Id
2277 1202 2377 1230 certe

1267 1243 1416 1281 nonnisi
1445 1242 1494 1281 ab
1522 1254 1567 1278 eo
1596 1241 1714 1280 scribi
1744 1250 1913 1293 poterat,
1961 1245 2028 1295 qui
2057 1244 2259 1282 Jordauem
2298 1243 2380 1296 jam

1268 1298 1490 1335 transierat:
1520 1308 1595 1334 non
1625 1295 1755 1346 itaque
1781 1310 1805 1333 a
1834 1295 1998 1348 Moyse,
2028 1299 2096 1350 qui
2125 1299 2218 1336 citra
2248 1298 2381 1338 Jorda-

1268 1364 1358 1390 uem
1388 1357 1562 1386 mortuus
1593 1356 1647 1385 est
1666 1373 1679 1386 .

1328 1402 1416 1448 146.
1448 1400 1561 1453 Resp.
1590 1400 1632 1438 Si
1651 1401 1872 1440 consulatur
1901 1411 2024 1441 textus
2042 1402 2251 1442 hebraicus
2270 1434 2282 1452 ,
2313 1418 2380 1444 nec

1270 1456 1472 1507 legendum
1519 1462 1572 1491 est
1619 1462 1765 1501 trans,
1815 1469 1936 1506 neque
1977 1461 2082 1494 citra
2124 1456 2378 1507 Iordanem,

1270 1514 1489 1559 ῖηηηηῃγῃ
1533 1505 1695 1545 11θόοἐον
1722 1506 1874 1545 Jarden
1886 1523 1904 1552 ,-
1951 1509 2014 1546 sed
2045 1509 2103 1547 vel
2145 1514 2188 1547 in
2215 1511 2380 1560 planitie

1270 1559 1457 1598 Iordanis
1473 1574 1488 1603 ;
1536 1560 1596 1598 vel
1625 1574 1717 1597 cum
1757 1566 1942 1610 proxime
1971 1571 2072 1600 esset
2111 1564 2380 1603 transeundus

1271 1612 1494 1650 Iordanes.
1543 1613 1599 1650 Ita
1641 1614 1756 1651 etiam
1795 1613 1941 1666 legerat
1968 1615 2150 1668 Josephus
2180 1617 2287 1655 Libr.
2310 1618 2380 1656 lv.

1273 1666 1463 1717 Antiquir.
1493 1664 1647 1704 satiate.
1677 1680 1764 1717 cap.
1786 1666 1823 1704 8.
1853 1669 2061 1719 iuquiens:
2109 1669 2278 1721 Moyses
2308 1671 2381 1708 atl-

1273 1729 1417 1757 t‘ocnta
1447 1724 1640 1757 concione
1669 1719 1776 1771 apud
1794 1718 2016 1757 Iordanem
2045 1721 2143 1767 διευς
2170 1725 2382 1774 eodemque

1273 1773 1385 1811 modo
1414 1771 1516 1810 hunc
1547 1773 1677 1810 Iocum
1707 1782 1903 1823 exponunt
1922 1773 2075 1812 Sane-tes
2093 1774 2286 1825 Pagainus
2316 1776 2381 1812 lie-

1270 1825 1415 1864 braicae
1443 1825 1588 1877 linguae
1612 1826 1869 1877 peritissimus
1885 1856 1896 1873 ,
1925 1839 1970 1864 ac
1999 1826 2105 1864 Pater
2126 1827 2254 1866 carol.
2276 1829 2383 1866 Hou-

1270 1878 1402 1929 bigant
1431 1880 1471 1916 in
1500 1882 1581 1916 suis
1610 1877 1802 1916 indicibus
1836 1877 2196 1933 hebraeo-gallicis:
2237 1883 2318 1919 imo
2346 1883 2382 1920 8:

1271 1930 1447 1969 nonnulli
1475 1930 1677 1969 Rabhini.

1329 1983 1416 2035 147.
1447 1983 1580 2036 Neque
1609 1984 1756 2034 obstet,
1803 1985 1932 2025 LXX.
1971 1987 2196 2039 Interpretes
2238 1987 2381 2027 habere

1269 2033 1376 2084 πέραν
1403 2040 1454 2076 τέ
1481 2037 1649 2084 Ιόρέοἶνα
1665 2068 1675 2085 ,
1703 2047 1823 2076 trans
1858 2039 2079 2078 Iordanem
2098 2056 2116 2085 ‚-
2143 2056 2231 2080 nam
2253 2044 2382 2093 primo

1269 2087 1339 2125 ubi
1381 2087 1514 2140 aliqua
1543 2099 1595 2127 est
1637 2090 1870 2140 difficultas,
1918 2102 2068 2144 praestat
2097 2095 2203 2131 adire
2240 2095 2385 2133 fontem

1269 2139 1496 2179 hebraicum
1513 2172 1524 2193 ‚
1545 2156 1662 2194 quam
1676 2145 1885 2182 versionem
1899 2171 1909 2183 .
1927 2145 2239 2184 Deinde-fortasse
2252 2147 2380 2186 LXX.

1269 2193 1493 2245 interpretes
1515 2194 1575 2232 ‘ita
1605 2205 1748 2234 vertere
1778 2196 2023 2246 maluerunt,
2052 2211 2127 2237 nou
2158 2198 2289 2238 habita
2320 2214 2381 2238 ra-

1248 2246 1370 2283 'tione
1400 2245 1547 2299 Moysis
1575 2249 1800 2298 scribentis,
1849 2251 1913 2288 sed
1960 2253 2084 2302 potius
2113 2251 2215 2300 loci,
2263 2267 2383 2305 quem

1269 2306 1356 2336 tune
1379 2299 1534 2339 Hehraei
1552 2301 1789 2340 incolebant.
1818 2303 1913 2341 Utut
1933 2302 2015 2342 liaec
2031 2305 2127 2352 sint,
2153 2306 2379 2357 exemplum

1269 2351 1408 2390 similis
1453 2355 1635 2392 versionis
1677 2364 1793 2394 trans
1822 2370 1890 2404 pro
1917 2360 2021 2395 citra.
2051 2357 2236 2396 habemus
2264 2358 2381 2398 Josue

1270 2405 1340 2443 IX.
1377 2419 1432 2454 1.,
1477 2407 1543 2446 ubi
1573 2408 1737 2447 dicitur:
1786 2408 1862 2447 His
1890 2410 2060 2460 auditis,
2107 2409 2236 2448 01111611
2263 2423 2379 2464 reges

1268 2466 1386 2496 trans
1413 2459 1634 2499 Iordanem
1651 2488 1662 2500 .
1679 2489 1690 2499 .
1708 2490 1718 2500 .
1741 2489 1752 2501 .
1801 2469 2033 2516 congregati
2062 2474 2153 2502 sunt
2189 2469 2343 2515 pariter
2363 2496 2376 2514 ,
2424 2481 2431 2490 1

1269 2521 1310 2548 ut
1336 2523 1564 2564 pugnarent
1593 2525 1735 2554 contra
1762 2515 1880 2554 Josue
1901 2533 1916 2562 ,-
1958 2527 2117 2570 apparet
2159 2528 2283 2556 autem
2313 2518 2379 2557 de-

1267 2565 1396 2603 buisse
1425 2568 1502 2606 dici
1532 2572 1635 2606 citra
1662 2568 1906 2618 Iordanem,
1937 2585 2026 2609 cuin
2056 2571 2101 2608 de
2132 2572 2284 2623 regibus
2303 2585 2379 2609 ser-

1268 2632 1333 2656 1110
1362 2630 1479 2667 esset,
1526 2622 1596 2674 qui
1623 2624 1800 2661 eamdem
1827 2624 2001 2663 Jordanis
2031 2626 2156 2676 ripam
2179 2654 2189 2672 ‚
2234 2625 2273 2663 iu
2301 2639 2378 2678 qua.

1268 2681 1347 2709 erat
1375 2673 1486 2710 Josue
1503 2704 1513 2720 ,
1542 2674 1788 2715 incolebant.

1326 2726 1416 2771 148.
1445 2726 1538 2777 Obj.
1568 2737 1730 2781 quarto,
1762 2729 1927 2782 Intelligi
1946 2744 2020 2768 neu
2049 2738 2189 2782 potest,
2218 2744 2377 2784 quomo-

1270 2778 1320 2815 do
1339 2778 1494 2832 Moyses
1523 2782 1562 2819 in
1591 2781 1736 2819 deserto
1763 2784 1943 2822 omuibus
1965 2784 2011 2821 ad
2032 2785 2275 2824 scribendum
2296 2799 2377 2823 me-

1273 2832 1559 2872 diisdestizutus
1574 2837 1735 2886 potuerit
1750 2837 1922 2888 quinque
1936 2835 2054 2875 libros
2071 2837 2258 2886 scribere,
2287 2847 2378 2877 tunc

1272 2886 1374 2923 enim
1418 2889 1570 2925 nonnisi
1613 2888 1652 2925 111
1682 2887 1906 2940 lapidibus,
1954 2888 2141 2942 plumbO,
2184 2901 2247 2929 aut
2277 2891 2380 2943 ligno

1270 2939 1388 2976 scribi
1419 2939 1561 2977 solebat
1591 2942 1654 2991 (a)
1673 2967 1683 2978 .
1715 2942 1830 2980 Addit
1857 2952 1984 2980 autem
2004 2943 2166 2995 Spiuoza
2193 2958 2238 2982 ex
2261 2944 2306 2984 R.
2327 2946 2378 2983 A-

1271 2991 1346 3029 bon
1376 2991 1472 3030 Ezra
1501 2993 1841 3033 Deuteronomium
1883 2997 1999 3034 fuisse
2041 2998 2223 3048 scriptum
2267 3010 2379 3050 super

1271 3043 1390 3082 altare
1409 3075 1418 3092 ‚
1449 3046 1549 3096 quod
1578 3059 1624 3084 ex
1660 3060 1720 3085 12.
1749 3057 1894 3086 tantum
1927 3048 2124 3100 lapidibus
2153 3052 2376 3096 constabat,

1270 3097 1380 3135 Josue
1398 3098 1500 3136 VIII.
1523 3099 1588 3138 52.
1606 3129 1617 3149 ‚
1647 3101 1747 3153 quod
1762 3102 1915 3140 certede
1931 3102 2249 3153 Deuteronomio,
2279 3101 2377 3155 quod

1270 3164 1372 3189 nunc
1402 3151 1614 3203 babemus,
1644 3153 1807 3208 intelligi
1836 3168 1911 3195 non
1940 3165 2083 3209 potest.

2236 3206 2321 3259 149.

740 3315 869 3360 Opusc.
895 3317 952 3353 De
979 3320 1014 3352 la
1040 3319 1211 3352 tolerance
1237 3323 1301 3350 art·
1331 3322 1383 3347 121

1674 3361 1721 3407 ¹4
