2564 3706
869 85 950 132 DE
989 84 1296 133 REVELAT.
1329 82 1470 131 vE'r.
1503 84 1676 130 TEST.

118 169 234 212 multi
263 167 405 210 fuerint
424 167 464 206 in
490 165 638 220 populo
652 164 812 205 Judaico
827 168 1018 218 carnales,
1047 169 1115 222 qui
1138 181 1230 207 non·

107 227 195 264 'nisi
226 227 264 262 in
285 221 599 275 promissionibus
619 222 894 273 temporalibus
912 221 1133 268 haerebant3
1162 222 1230 273 qui

122 286 247 316 tamen
278 277 317 313 in
346 287 391 312 eo
419 282 526 312 erant
555 274 803 326 spirituales,
846 277 885 312 in
917 276 992 313 illis
1022 275 1230 313 adumbra-

110 337 177 368 -tas
203 340 285 367 esse
315 338 472 365 aeternas
501 329 836 379 repromissiones,
873 341 946 366 non
978 327 1228 380 ignorabant.

121 381 325 420 Animalis
354 379 471 418 homo
501 393 580 417 non
609 384 771 431 percipit
799 394 850 419 etz
871 409 883 430 ,
913 395 999 434 quoe
1026 390 1116 420 sunt
1146 380 1232 431 Spi-

107 437 216 473 *ritus
246 432 345 483 Dei,
382 446 416 472 1.
449 431 621 471 Corinth.
654 434 705 472 II.
741 433 801 480 14.

172 486 242 540 69.
273 488 303 526 Α
332 499 424 525 vero
451 496 579 525 autem
600 501 716 539 quam
738 487 954 540 longissime
975 487 1232 534 aberrarunt,

110 549 305 594 quotquot
332 549 473 578 temere
501 553 663 579 asserere
693 554 768 579 non
798 550 883 579 suut
911 542 1048 589 veriti,
1087 540 1233 577 nullam

119 595 160 632 in
191 604 264 632 toto
281 592 554 642 Pentateucho,
584 595 663 631 imo
692 596 805 631 etiam
824 597 860 632 in
877 592 964 633 aliis
986 594 1097 632 libris
1117 594 1234 630 sacris

120 660 243 701 usqne
269 646 318 686 ad
339 647 597 698 captivitatem
619 646 919 699 babylonicam,
948 646 1008 685 vel
1036 647 1154 684 etiam
1177 658 1234 683 us-

106 712 195 754 ·que
222 700 272 741 ad
301 708 474 753 tempora
518 699 802 748 Machabaica,
849 714 926 738 esse
964 699 1118 737 alterius
1149 700 1235 735 vitae

117 755 382 792 mentionem.
430 754 660 805 Oppositum
690 753 791 791 euim
821 754 894 790 suit
929 768 950 789 a
980 754 1072 790 viris
1100 751 1238 788 doctis-

118 806 231 845 oitnis
262 806 419 855 multis,
462 807 584 860 iisque
614 807 828 860 perspicuis
854 803 983 843 allatis
1011 803 1240 842 testimoniis

120 858 425 899 demonstratum
456 860 522 909 (a)
538 885 552 898 .

173 924 239 965 70.
270 913 367 952 Sane
395 914 434 951 in
465 909 714 951 Pentateucho
755 923 858 962 saepe
888 906 956 947 illa
1001 905 1150 961 phrasis
1178 918 1241 945 oc-

118 968 270 1014 currit,
313 979 390 1019 qua
419 967 569 1017 antiqui
600 963 859 1011 patriarchae,
889 961 1036 1015 aliique
1066 961 1242 999 homines

120 1017 211 1071 justi
243 1028 325 1070 post
356 1027 516 1057 mortem
544 1017 724 1054 dicuntur
745 1020 1008 1067 congregati,
1039 1014 1099 1053 vel
1121 1025 1241 1065 appo-

123 1076 192 1110 siti
221 1071 277 1110 ‹ch
305 1070 490 1123 populum
517 1079 634 1108 suum
648 1082 665 1115 ,-
702 1068 742 1107 id
770 1079 897 1107 autem
927 1081 1005 1106 non
1035 1076 1154 1120 potest
1183 1069 1242 1106 in-

119 1124 266 1177 telligi,
293 1126 370 1163 nisi
399 1124 446 1161 de
474 1122 558 1160 loco
585 1120 742 1161 alterius
762 1122 876 1169 vitae,
907 1121 975 1160 ubi
1006 1124 1082 1173 piae
1104 1121 1243 1159 defun—

118 1187 267 1216 ctorum
298 1178 441 1215 animas
467 1175 587 1214 simul
607 1177 913 1228 requiescerent.
945 1173 1108 1226 Fingere
1137 1176 1243 1213 enim

114 1240 195 1268 non
227 1243 454 1280 possumus,
497 1228 556 1267 his
585 1227 793 1282 phrasibus
836 1227 1078 1280 significari,
1127 1228 1244 1266 fuisse

118 1280 208 1321 illos
237 1281 476 1322 patriarchas
504 1284 544 1321 in
571 1296 610 1321 se
640 1281 761 1321 ulcris
782 1280 936 1321 Patrum
967 1294 1123 1320 suorum
1153 1294 1244 1318 con·

115 1335 236 1374 ditos:
266 1349 356 1374 nam
384 1344 486 1374 certe
509 1297 729 1383 Abi-aliam,
759 1335 806 1374 ‹le
833 1349 911 1388 quo
932 1335 970 1373 id
999 1335 1141 1374 dicitur
1164 1332 1245 1372 Ge-

121 1399 211 1427 1103.
241 1386 375 1427 XXV.
405 1389 444 1427 8.
474 1388 642 1440 sepultus
674 1389 747 1425 fuit
776 1401 849 1427 non
879 1390 918 1427 in
938 1387 1124 1428 Chaldaea
1153 1401 1244 1425 cum

123 1442 300 1495 patribus
319 1443 420 1489 suis,
450 1443 511 1479 sed
533 1443 574 1479 in
593 1451 691 1479 terra
709 1442 895 1480 Chanaan
914 1469 924 1479 .
953 1441 1074 1480 Jacob
1103 1442 1218 1477 etiam
1233 1470 1243 1488 ‚

121 1494 235 1546 eujus
264 1507 363 1533 mors
390 1494 619 1533 describitur
642 1492 792 1533 Genes.
812 1493 984 1536 XLIX..
1009 1495 1153 1532 dicitur
1173 1505 1246 1543 ηρ-

122 1553 272 1599 positus
300 1546 356 1587 ad
383 1548 567 1600 populum
595 1560 734 1596 suum,
764 1557 971 1600 antequam
999 1547 1085 1598 ejus
1105 1560 1244 1597 eorpus

125 1603 168 1639 in
212 1610 351 1640 terram
379 1601 564 1640 Chanaan
607 1610 951 1653 transportaretur,
998 1610 1037 1638 ut
1067 1599 1123 1638 ibi
1150 1613 1242 1637 cum

125 1654 300 1708 patribus
328 1656 405 1693 suis
447 1656 486 1692 in
515 1653 690 1705 sepulcro
724 1653 918 1693 Abraham
960 1655 1242 1706 requiesceret.

124 1707 252 1746 Aaron
282 1709 425 1760 pariter
453 1706 672 1745 Deuteron.
700 1705 887 1746 XXXIII.
908 1709 971 1745 50.
1000 1708 1142 1745 dicitur
1170 1717 1241 1755 ap-

122 1763 271 1811 positus
311 1761 462 1811 populis
489 1763 597 1808 suis,
644 1759 679 1796 St
708 1760 856 1798 ibidem
888 1759 1042 1813 Moyses
1067 1760 1242 1812 jungen-

123 1812 198 1851 dus
224 1815 373 1864 populis
403 1818 483 1852 suis
508 1828 520 1857 ς
548 1827 640 1851 cum
668 1822 796 1852 tamen
826 1823 959 1852 neuter
988 1815 1129 1866 positus
1161 1813 1241 1850 fue·

122 1868 174 1904 rit
215 1868 256 1905 in
282 1867 461 1919 sepulcro
490 1865 646 1904 Patrum
674 1880 856 1905 suorum:
896 1866 995 1905 nihil
1017 1879 1107 1918 ergo
1135 1864 1243 1903 aliud

122 1919 208 1958 istae
252 1919 405 1971 phrases
434 1920 679 1971 significant,
727 1934 844 1972 quam
887 1933 1094 1958 commune
1123 1917 1242 1968 justo-

125 1982 214 2010 rnm
242 1973 553 2024 receptaculum,
582 1985 660 2024 quo
689 1971 810 2010 beatae
832 1971 914 2011 illae
944 1974 1090 2010 anima:
1118 1973 1159 2009 in
1188 1968 1243 2009 al-

119 2031 205 2063 tera
233 2025 311 2063 vita
339 2024 455 2064 simul
484 2025 793 2078 requiescerent.

182 2089 247 2132 71.
275 2077 464 2118 Similiter
479 2077 644 2128 alicujus
659 2075 902 2127 habitaculi,
930 2076 999 2116 ubi
1019 2077 1161 2116 animae
1183 2075 1244 2129 ju-

124 2140 271 2170 storum
299 2131 523 2184 corporibus
549 2133 766 2184 superstites
791 2132 1049 2170 detinerentur
1065 2161 1075 2178 ‚
1103 2141 1246 2168 certam

122 2185 239 2223 fuisse
259 2186 361 2236 apud
376 2184 564 2224 Hebraeos
577 2187 792 2232 notionem,
814 2184 942 2222 innuit
955 2183 1077 2221 Jacob
1096 2183 1246 2221 Genes.

125 2236 339 2279 XXXVII.
368 2239 438 2281 55.
465 2251 559 2278 cum
584 2250 749 2277 renuens
769 2250 925 2276 onmem
950 2235 1248 2276 consolationem

173 2420 224 2455 (a)
250 2411 357 2451 'Hanc
382 2419 538 2461 spartam
557 2412 774 2450 *adornarunt
798 2419 928 2460 praeter
950 2411 1037 2448 alios
1063 2412 1248 2448 nonnullos

127 2457 268 2495 doctiss.
296 2462 332 2494 P.
357 2464 495 2496 Calmet
530 2463 568 2495 in
592 2461 677 2495 diss.
713 2464 758 2495 de
783 2470 904 2495 natura
929 2465 1069 2501 unitrix,
1105 2469 1146 2495 (9⁴
1172 2470 1250 2505 post

126 2507 206 2554 ejus
230 2515 373 2542 inertem
397 2516 489 2542 statu
516 2520 559 2541 ex
586 2515 733 2540 sentent.
760 2516 824 2541 «ret.
850 2507 1024 2540 Hebraeor.
1059 2511 1092 2540 &
1117 2507 1188 2541 dno
1213 2519 1248 2540 e-

129 2551 240 2587 ruditi
262 2554 482 2587 Dominicani
499 2575 510 2595 ,
537 2553 573 2586 P.
591 2555 718 2587 Castus
739 2554 906 2586 Innocens
926 2553 1071 2587 Ansalrli
1097 2555 1131 2586 in
1153 2555 1247 2587 Com.

130 2598 316 2642 defuturo
342 2603 463 2634 saeeulo
490 2601 530 2634 ab
548 2599 704 2632 Hebraeis
727 2608 808 2632 ante
833 2602 1068 2641 captiuitatem
1086 2604 1248 2644 cognito,

131 2657 171 2680 ac
192 2646 229 2679 P.
248 2646 353 2680 vinc.
373 2647 514 2679 Patuzzi
532 2647 576 2680 de
591 2645 716 2690 futuro
743 2649 921 2689 impiorum
945 2651 1035 2679 statu
1058 2646 1096 2678 L.
1116 2647 1142 2679 1.
1162 2658 1192 2680 c.
1211 2647 1246 2679 ὃ.

181 2688 230 2731 (ὃ)
258 2690 407 2726 Probat-i
429 2692 556 2738 ‘nequit
586 2691 706 2737 opinio
732 2687 1026 2732 Warburthonii‚
1062 2692 1123 2736 qui
1150 2691 1186 2725 in
1210 2705 1249 2726 o·

133 2747 216 2783 pere
242 2749 347 2783 snpra
372 2736 514 2772 laudato
536 2739 580 2772 de
606 2739 727 2772 divina
745 2737 893 2782 Moysis
912 2740 1087 2782 legatione
1105 2746 1248 2772 conten-

135 2779 189 2816 dit
207 2804 219 2824 ‚
242 2783 358 2828 legem
382 2796 401 2818 a
427 2784 551 2831 Moyse
577 2785 686 2819 latam
712 2782 820 2818 fuisse
846 2793 984 2818 tanturn
1011 2785 1149 2818 civilem
1165 2806 1176 2825 ‚
1213 2780 1246 2818 δε

136 2829 343 2877 politicam,
367 2838 407 2864 111
424 2831 516 2876 leges
535 2830 738 2876 Principum
754 2840 838 2864 sunt
852 2845 866 2869 ,-
890 2828 1089 2864 mirandum
1109 2839 1249 2875 propte·

136 2884 198 2910 rea
223 2883 293 2910 non
318 2888 417 2917 esse,
441 2879 469 2911 si
496 2880 533 2911 in
556 2889 597 2912 ea
621 2878 761 2911 nonnisi
786 2878 958 2922 praemia,
994 2876 1050 2910 vel
1076 2878 1250 2922 supplicia

136 2919 244 2965 hujus
268 2922 351 2956 vitae
374 2930 637 2957 memorentur.
662 2924 746 2957 Haec
774 2925 947 2958 sententia
972 2931 1089 2969 postea
1116 2924 1249 2967 placuit

137 2967 269 3002 Abbati
301 2967 486 3010 Pradesio,
509 2968 609 3014 cnjus
634 2970 782 3014 septima
808 2970 1001 3015 propositio
1024 2981 1043 3003 a
1070 2968 1250 3003 Facultate

136 3013 306 3060 Theolog.
324 3015 510 3048 Parisiensi
526 3027 605 3048 ann.
629 3017 730 3060 1752.
749 3018 945 3061 proscripta
958 3039 968 3056 ,
983 3016 1057 3049 haic
1074 3023 1148 3048 erat
1164 3029 1172 3047 e
1200 3028 1250 3048 oe-

136 3060 292 3096 conomia
315 3060 476 3095 Mosaica
502 3064 538 3094 in
562 3066 674 3103 poenis
700 3071 825 3096 tanturn
839 3083 851 3103 ,
884 3067 925 3096 (9‘
950 3066 1098 3108 praemiis
1123 3070 1250 3106 tempo-

138 3107 269 3141 ralibus
294 3112 491 3141 sancita...-
518 3105 644 3152 Legem
668 3112 781 3151 itaque
797 3108 992 3143 Mosaicam
1011 3108 1168 3141 habemus
1191 3111 1251 3142 ‹li-

141 3155 271 3187 vinitus
305 3158 496 3195 sancitam,
533 3154 597 3187 sed
621 3158 698 3199 quia
721 3159 868 3199 positam
903 3159 940 3189 in
963 3158 1074 3201 poenis
1100 3163 1248 3195 tantum,

142 3206 200 3232 aut
221 3204 370 3243 praemiis
387 3200 628 3245 temporalibus
641 3220 653 3241 ‚
679 3201 757 3234 ideo
776 3210 840 3235 non
857 3210 1014 3237 aternum
1032 3203 1223 3235 duraturam
1236 3221 1246 3232 .

144 3244 245 3278 Hanc
282 3254 400 3280 autem
425 3246 635 3280 sententiam
659 3244 910 3282 defendendam
934 3249 1085 3291 suscepit
1123 3249 1157 3280 in
1184 3258 1247 3280 sua

142 3289 276 3326 infelici
295 3295 455 3340 apologia
469 3304 550 3340 pag.
575 3294 650 3329 150.
667 3301 826 3340 sequent.
837 3314 849 3336 ,
866 3293 992 3330 docens
1011 3294 1123 3337 tegern
1142 3295 1246 3339 Moy—

1298 177 1368 220 pro
1397 175 1541 214 morte,
1571 178 1688 218 quam
1718 165 1922 214 credebat,
1953 161 2029 206 filii
2058 163 2119 205 sui
2146 163 2285 219 Joseph
2307 196 2319 216 ,
2349 166 2411 205 in-

1297 220 1476 272 quiebat:
1520 218 1765 257 descerzlim
1796 217 1851 257 1111
1869 220 2006 272 filium
2037 234 2173 258 meum.
2200 221 2341 273 lugens
2368 224 2412 258 ιή

1299 270 1526 326 infernum,
1556 273 1711 311 nomine
1738 271 1889 323 inferni
1911 287 1981 309 uon
2013 274 2267 325 p=utt1itJacob
2297 274 2413 313 inte}-

1298 326 1415 379 ligere
1436 325 1656 379 sepulcrum
1672 355 1684 373 ,
1714 328 1805 377 quia
1827 326 2006 376 putabat,
2038 327 2163 365 tilium
2184 340 2298 366 suum
2319 328 2415 366 fuis-

1299 394 1338 419 se
1366 394 1388 418 a
1419 381 1499 418 fera
1529 379 1691 432 pessima
1720 379 1943 415 devoratum
1963 403 1973 414 .

1357 446 1405 484 72
1437 432 1606 471 Tandem
1623 462 1633 480 ,
1665 441 1703 469 ut
1723 431 1833 483 plura
1849 431 1924 468 alia
1941 431 2113 468 omittam
2130 458 2142 478 ,
2171 441 2315 471 certum
2336 441 2390 473 est
2405 461 2419 483 ,

1301 497 1544 524 communem
1576 486 1690 523 fuisse
1719 484 1820 538 apud
1839 483 2019 521 Hebraeos
2034 484 2253 534 opinionem
2282 498 2420 527 necro—

1303 544 1491 587 mantioe‚
1523 539 1627 577 illius
1647 552 1783 591 nempe
1813 539 1903 575 artis
1933 538 2120 587 longiore,
2149 550 2226 588 qua
2256 549 2422 578 mortuo-

1301 605 1389 630 rum
1410 595 1550 631 animm
1569 591 1617 630 ab
1635 593 1767 630 inferis
1795 592 1964 629 revocari
1989 588 2241 642 putabantur3
2272 592 2368 629 uude
2383 607 2422 629 u-

1302 646 1396 682 tiam
1413 644 1504 683 Saul
1526 647 1632 698 petiit
1664 661 1685 683 a
1706 643 1931 698 Pythonissa
1960 642 2161 689 Endorea,
2183 651 2222 680 ut
2251 646 2420 683 sulm-„im

1304 697 1497 736 Samuelis
1526 701 1720 737 suscitaret
1757 712 1790 736 1.
1813 696 1964 750 Regum
1996 694 2223 735 XXXVIII.
2254 695 2287 732 St
2310 696 2423 751 Moy-

1307 764 1364 787 ses
1393 750 1554 788 Levitici
1583 751 1705 800 XX.‚
1735 765 1779 790 ac
1809 750 2028 788 Deuteron.
2051 749 2198 788 XVIII,
2231 761 2294 788 11.
2324 750 2426 790 hanc.

1303 803 1552 842 divinationis
1581 808 1746 857 speciem
1774 806 2013 843 severissime
2043 801 2267 856 prohibuit.
2297 800 2423 842 Profe·

1308 864 1369 892 cto
1397 862 1680 896 necromantia
1710 859 1856 897 animas
1883 871 1962 896 esse
1991 856 2218 909 corporibus
2245 859 2425 909 supersti-

1308 917 1361 945 tes
1391 921 1462 960 pro
1489 919 1592 947 certo
1621 910 1763 949 habet:
1800 921 1882 949 erat
1908 924 1998 963 ergo
2027 911 2246 949 communis
2276 913 2314 949 in
2345 910 2420 951 He-

1307 959 1441 1000 braica
1469 963 1617 1002 nati0ne
1646 965 1692 1000 de
1721 965 1840 1002 altera
1870 966 1946 1002 vita
1978 964 2197 1016 persuasio-

1366 1014 1432 1065 75.
1464 1014 1579 1053 Dices
1597 1043 1606 1053 .
1636 1017 1736 1053 Cum
1764 1030 1853 1068 ergo
1883 1016 2037 1068 Moyses
2067 1024 2262 1068 apertam,
2291 1014 2326 1054 ἃ
2354 1030 2420 1055 ex-

1307 1081 1478 1120 pressam
1501 1067 1606 1105 illius
1627 1069 1909 1116 retributionis,
1939 1082 2027 1120 quae
2058 1083 2122 1106 nos
2151 1079 2278 1107 manet
2309 1071 2347 1108 in
2367 1070 2424 1108 al·

1310 1130 1390 1158 tera
1419 1121 1527 1170 vita,
1570 1122 1611 1159 in
1641 1122 1718 1160 suis
1747 1121 1896 1172 legibus
1941 1122 2172 1158 mentionem
2202 1133 2273 1159 non
2303 1122 2426 1161 fecit?

1310 1172 1513 1226 Praecipue
1540 1175 1635 1227 quia
1664 1173 1748 1212 haec
1778 1187 1952 1227 expressa
1982 1175 2124 1210 mentio
2146 1175 2268 1223 magis
2296 1184 2429 1212 contu-

1312 1227 1414 1266 lisset
1443 1226 1490 1265 ad
1520 1226 1650 1279 legum
1693 1240 1849 1266 suarum
1880 1226 2117 1265 sanctionem
2135 1254 2146 1274 ,
2190 1227 2326 1264 saltem
2356 1240 2426 1280 pro

1312 1280 1386 1328 iis,
1415 1281 1485 1333 qui
1514 1279 1629 1333 hujus
1649 1282 1740 1319 vitae
1769 1280 1962 1334 supplicia
1977 1290 2042 1318 aut
2070 1293 2145 1318 nou
2166 1288 2330 1329 curant,
2360 1289 2425 1320 aut

1312 1334 1479 1385 effugere
1509 1345 1546 1371 se
1576 1347 1683 1386 posse
1712 1344 1891 1387 sperant.

1369 1387 1435 1438 74.
1467 1386 1579 1439 Hesp.
1610 1388 1738 1439 primo
1766 1401 1842 1426 non
1872 1386 1986 1425 fuisse
2028 1386 2280 1425 necessariam
2324 1384 2426 1426 hane

1312 1452 1553 1490 expressam
1597 1443 1855 1489 mentionem,
1900 1440 2067 1478 secundo
2097 1451 2163 1477 nec
2194 1440 2309 1477 fuisse
2337 1453 2427 1478 con-³

1312 1495 1551 1532 venientem.
1580 1493 1663 1531 Nou
1690 1503 1771 1531 erat
1791 1493 2029 1540 necessaria,
2058 1494 2172 1544 quia,
2203 1501 2244 1529 ut
2273 1493 2428 1531 demon*

1311 1556 1471 1585 stratum
1500 1555 1581 1593 est,
1612 1546 1776 1598 populus
1806 1559 1882 1584 11011
1912 1544 2108 1597 ignorabat
2138 1546 2426 1596 promissiones,

1312 1599 1345 1635 ἃ
1390 1601 1511 1637 minas
1540 1600 1586 1636 ad
1625 1598 1784 1637 alteram
1813 1600 1935 1637 vitam
1977 1606 2212 1651 spectante-93
2253 1600 2285 1637 si
2321 1601 2428 1637 enim

1313 1651 1398 1690 haec
1427 1651 1603 1704 gentibus
1649 1660 1736 1690 nota
1765 1661 1895 1698 erant,
1938 1661 2037 1689 certe
2067 1663 2139 1688 non
2177 1651 2256 1689 alia
2285 1653 2429 1689 ratione

1310 1714 1417 1743 erant
1453 1715 1570 1753 nota,
1616 1705 1688 1743 nisi
1727 1700 1941 1753 παραδῖσις
1981 1701 2196 1740 traditione
2239 1718 2260 1741 a
2289 1706 2428 1756 primis

1311 1759 1508 1810 patribus.
1538 1757 1740 1805 Quomodo
1770 1768 1857 1807 ergo
1886 1755 1970 1793 Iiaec
1997 1757 2125 1808 ignota
2151 1769 2230 1792 esse
2259 1767 2429 1808 poterant

1313 1811 1492 1851 Israeli-tis
1517 1840 1529 1859 ,
1572 1811 1613 1848 in
1655 1809 1799 1863 quibus
1842 1810 2001 1861 antiqua
2041 1808 2198 1846 Patrum
2241 1809 2428 1858 traditio,

1311 1865 1346 1901 81
1373 1877 1466 1902 vera
1504 1861 1638 1915 religio
1666 1874 1764 1914 pura
1805 1874 1956 1913 semper
1984 1871 2202 1899 conservata
2245 1862 2430 1901 fuerant}

1311 1916 1577 1955 Necessarium
1607 1925 1733 1954 autem
1762 1912 1951 1966 judicavit
1973 1913 2127 1967 Moyses
2161 1917 2429 1966 promissiones

1311 1968 1428 2021 hujus
1455 1970 1545 2008 vitae
1573 1980 1762 2020 expresse
1790 1978 2093 2007 commemorare
2111 1997 2121 2016 ,
2151 1980 2245 2020 quas
2275 1977 2374 2007 certe
2395 1971 2430 2008 I-

1310 2021 1477 2061 sraelitae
1508 2024 1768 2074 ignorassent,
1798 2022 1868 2060 uisi
1898 2021 2004 2060 Deus
2032 2035 2095 2058 ore
2115 2021 2263 2073 Moysis
2292 2036 2353 2060 eas
2373 2036 2432 2061 re-

1311 2074 1439 2114 velare
1468 2074 1670 2114 voluisset:
1700 2075 1878 2127 potuisset
1905 2075 2011 2113 enim
2042 2074 2145 2111 Deus
2173 2087 2242 2124 pro
2271 2088 2338 2112 sua
2367 2074 2428 2126 jue·

1313 2130 1412 2166 stitia
1455 2141 1612 2166 omnem
1649 2127 1937 2167 retributionem
1980 2127 2090 2166 alteri
2127 2128 2217 2165 vitae
2260 2139 2431 2168 reservaa

1313 2193 1354 2220 re
1385 2178 1471 2231 (b).

1370 2235 1436 2286 75.
1465 2233 1546 2273 Nec
1571 2232 1690 2273 etiam
1719 2240 1800 2272 erat
1826 2231 2084 2281 conveniens,
2129 2240 2170 2270 ut
2198 2232 2238 2272 111
2267 2243 2342 2272 vet.
2372 2233 2426 2274 le⁴²

2329 2300 2376 2338 ge

1316 2410 1363 2445 sis
1387 2420 1457 2445 non
1483 2421 1557 2444 esse
1583 2410 1655 2444 nisi
1680 2420 1803 2445 meram
1838 2410 1973 2444 ciuilem
1998 2408 2280 2443 constitutionem
2305 2416 2325 2441 a
2350 2405 2428 2443 Deo

1316 2466 1481 2503 tamqnam
1507 2461 1619 2500 capite
1636 2460 1786 2501 politico
1812 2458 1954 2500 reipubl.
1974 2455 2127 2489 Judaicae
2142 2477 2151 2495 ‚
2179 2458 2343 2499 religioni
2365 2455 2432 2489 Pa-

1318 2506 1545 2539 triarcharmn
1560 2505 1836 2547 superadditam.
1857 2499 2061 2548 Rejicienda
2076 2524 2086 2542 ‚
2101 2503 2242 2546 inquam
2255 2523 2266 2542 ,
2284 2510 2335 2534 est
2353 2496 2429 2535 haec

1317 2553 1513 2590 sententia;
1532 2556 1570 2583 ut
1584 2551 1677 2584 enim
1693 2548 1942 2584 animadvertit
1958 2552 2072 2582 anrtor
2087 2559 2282 2592 anonymus
2300 2553 2309 2585 (
2325 2548 2431 2582 Boul-

1315 2600 1452 2637 lierus)
1477 2600 1521 2631 clu
1546 2605 1642 2630 court
1666 2606 1806 2630 examen
1841 2598 1885 2630 (le
1911 2599 1945 2630 la
1973 2595 2068 2627 the'se
2105 2596 2147 2627 cle
2177 2591 2309 2628 prades
2334 2597 2366 2638 §-
2392 2595 2427 2638 4.

1315 2646 1413 2678 nullo
1433 2642 1534 2677 modo
1551 2640 1620 2675 dici
1646 2650 1758 2687 potest
1776 2664 1787 2683 ‚
1813 2640 1924 2687 legem
1945 2642 2135 2674 Mosaicam
2156 2640 2262 2673 fuisse
2288 2649 2428 2673 tantum

1315 2692 1456 2724 civilem
1473 2712 1482 2730 ‚
1509 2685 1791 2734 quandoquidem
1816 2697 1929 2722 totum
1952 2688 2013 2720 Dei
2040 2687 2175 2720 cultum
2201 2686 2438 2727 continebat.¹

1314 2734 1483 2771 Concedit
1517 2744 1634 2768 tamen
1671 2734 1789 2768 laudat
1816 2736 2048 2779 Anonymns,
2086 2743 2184 2777 posse
2210 2732 2429 2776 Religionem

1312 2782 1499 2817 ,Iudaicam
1524 2780 1589 2814 sub
1614 2779 1745 2825 duplici
1772 2781 1872 2825 quasi
1900 2781 2032 2824 aspectu
2060 2777 2295 2818 considerari;
2328 2779 2427 2812 scili-

1315 2838 1370 2864 cet
1396 2832 1429 2861 &
1454 2835 1555 2873 prout
1585 2835 1722 2859 tantuin
1748 2835 1894 2860 externa
1919 2835 1993 2865 est,
2020 2827 2052 2857 &
2077 2825 2176 2870 quasi
2202 2835 2329 2869 corpus
2354 2826 2428 2858 sine

1317 2877 1433 2910 anima
1449 2895 1460 2916 ,
1487 2878 1519 2907 &
1544 2872 1733 2917 adaptate,
1759 2881 1860 2917 prout
1879 2873 2061 2906 constituit
2086 2871 2289 2904 societatem
2314 2870 2430 2904 homi-

1317 2933 1402 2955 nnm
1427 2916 1604 2953 heredum
1630 2917 1731 2958 fidei,
1758 2921 1791 2950 ὃς
1815 2919 1960 2963 spiritus
1981 2913 2284 2951 patriarcharum.
2311 2917 2427 2951 Primo

1316 2965 1420 3002 modo
1445 2965 1582 2999 nonnisi
1609 2965 1817 3009 temporales
1842 2965 2090 3009 promissiones
2115 2960 2284 3004 exhibet,
2309 2966 2342 2996 &
2365 2963 2424 3007 qui

1317 3025 1394 3048 eam
1419 3013 1573 3046 exterius
1598 3010 1860 3050 observabant,
1885 3010 2021 3044 nonnisi
2049 3010 2256 3054 temporalia
2282 3009 2424 3054 praemia

1318 3057 1646 3104 consequebantur.
1689 3057 1760 3090 Sub
1786 3057 1855 3090 alio
1891 3065 2008 3090 autem
2034 3060 2188 3101 respectu
2220 3055 2424 3100 temporales

1317 3106 1563 3150 promissiones
1577 3102 1726 3136 aliarum
1741 3103 1838 3147 longe
1851 3102 2027 3147 majorum
2039 3124 2050 3142 ‚
2070 3112 2192 3147 nempe
2207 3102 2400 3135 coelestium
2415 3120 2427 3140 ,

1317 3153 1425 3195 figura
1451 3158 1576 3189 erant,
1603 3151 1635 3181 &
1660 3156 1842 3194 propterea
1868 3149 1920 3182 illi
1946 3147 2058 3194 justi,
2094 3150 2155 3194 qni
2181 3146 2358 3182 credentes
2385 3146 2420 3178 in

1316 3198 1498 3231 Christum
1529 3199 1744 3236 venturum,
1769 3193 1896 3241 deique
1921 3207 2038 3229 amore
2067 3195 2190 3239 repleti
2217 3194 2340 3242 Legem
2359 3191 2423 3224 ob*

1314 3244 1501 3277 servabant
1527 3249 1655 3286 praeter
1680 3242 1888 3287 temporalia
1907 3243 2012 3277 eti-sm
2033 3250 2162 3274 aeterna
2180 3248 2323 3281 pra’nua
2339 3247 2422 3281 pru<

1314 3289 1561 3325 merebantur-
