<?xml version="1.0" encoding="UTF-8"?>
<!DOCTYPE html PUBLIC "-//W3C//DTD XHTML 1.0 Transitional//EN"
    "http://www.w3.org/TR/xhtml1/DTD/xhtml1-transitional.dtd">
<html xmlns="http://www.w3.org/1999/xhtml" xml:lang="en" lang="en">
 <head>
  <title>
</title>
<meta http-equiv="Content-Type" content="text/html;charset=utf-8" />
  <meta name='ocr-system' content='tesseract 3.04.00' />
  <meta name='ocr-capabilities' content='ocr_page ocr_carea ocr_par ocr_line ocrx_word'/>
</head>
<body>
  <div class='ocr_page' id='page_1' title='image "./fratrispetrimari01gazzuoft_0175.png"; bbox 0 0 2564 3706; ppageno 0'>
   <div class='ocr_carea' id='block_1_1' title="bbox 760 106 1676 161">
    <p class='ocr_par' dir='ltr' id='par_1_1' title="bbox 760 106 1676 161">
     <span class='ocr_line' id='line_1_1' title="bbox 760 106 1676 161; baseline 0 -3"><span class='ocrx_word' id='word_1_1' title='bbox 760 106 1153 160; x_wconf 72' lang='lat' dir='ltr'>REFELLITUR</span> <span class='ocrx_word' id='word_1_2' title='bbox 1186 110 1295 161; x_wconf 75' lang='lat' dir='ltr'>VIA</span> <span class='ocrx_word' id='word_1_3' title='bbox 1316 106 1639 159; x_wconf 75' lang='lat' dir='ltr'><strong>&#39;EXAMINIS</strong></span> <span class='ocrx_word' id='word_1_4' title='bbox 1665 145 1676 158; x_wconf 94' lang='lat'>.</span> 
     </span>
    </p>
   </div>
   <div class='ocr_carea' id='block_1_2' title="bbox 68 192 1213 3410">
    <p class='ocr_par' dir='ltr' id='par_1_2' title="bbox 95 192 1213 518">
     <span class='ocr_line' id='line_1_2' title="bbox 100 192 1210 249; baseline -0.004 -13"><span class='ocrx_word' id='word_1_5' title='bbox 100 204 255 249; x_wconf 66' lang='lat' dir='ltr'>semper</span> <span class='ocrx_word' id='word_1_6' title='bbox 266 195 433 241; x_wconf 70' lang='lat' dir='ltr'>‚obtinuit</span> <span class='ocrx_word' id='word_1_7' title='bbox 448 225 459 244; x_wconf 90' lang='lat'>,</span> <span class='ocrx_word' id='word_1_8' title='bbox 488 193 523 232; x_wconf 75' lang='grc' dir='ltr'>ἃ</span> <span class='ocrx_word' id='word_1_9' title='bbox 544 193 670 232; x_wconf 82' lang='lat' dir='ltr'>adhuc</span> <span class='ocrx_word' id='word_1_10' title='bbox 690 192 861 243; x_wconf 87' lang='lat' dir='ltr'>obtinet,</span> <span class='ocrx_word' id='word_1_11' title='bbox 891 204 972 233; x_wconf 88' lang='lat' dir='ltr'>tum</span> <span class='ocrx_word' id='word_1_12' title='bbox 994 197 1067 249; x_wconf 87' lang='lat' dir='ltr'>ipsi</span> <span class='ocrx_word' id='word_1_13' title='bbox 1097 197 1210 236; x_wconf 70' lang='lat' dir='ltr'>ratio-</span> 
     </span>
     <span class='ocr_line' id='line_1_3' title="bbox 101 248 1212 298; baseline 0 -10"><span class='ocrx_word' id='word_1_14' title='bbox 101 253 142 295; x_wconf 84' lang='lat' dir='ltr'>uj</span> <span class='ocrx_word' id='word_1_15' title='bbox 172 251 425 298; x_wconf 62' lang='lat' dir='ltr'>conformior,</span> <span class='ocrx_word' id='word_1_16' title='bbox 455 258 534 287; x_wconf 87' lang='lat' dir='ltr'>tum</span> <span class='ocrx_word' id='word_1_17' title='bbox 566 248 805 287; x_wconf 82' lang='lat' dir='ltr'>multitudini</span> <span class='ocrx_word' id='word_1_18' title='bbox 834 250 1015 288; x_wconf 61' lang='lat' dir='ltr'>fidelium⁴</span> <span class='ocrx_word' id='word_1_19' title='bbox 1041 249 1119 289; x_wconf 75' lang='lat' dir='ltr'>sola</span> <span class='ocrx_word' id='word_1_20' title='bbox 1149 264 1212 289; x_wconf 79' lang='lat' dir='ltr'>ac-</span> 
     </span>
     <span class='ocr_line' id='line_1_4' title="bbox 101 303 1213 356; baseline -0.001 -13"><span class='ocrx_word' id='word_1_21' title='bbox 101 303 341 344; x_wconf 75' lang='lat' dir='ltr'>commodata</span> <span class='ocrx_word' id='word_1_22' title='bbox 358 332 369 352; x_wconf 92' lang='lat'>,</span> <span class='ocrx_word' id='word_1_23' title='bbox 399 317 441 341; x_wconf 83' lang='lat' dir='ltr'>ac</span> <span class='ocrx_word' id='word_1_24' title='bbox 462 304 628 355; x_wconf 88' lang='lat' dir='ltr'>denique</span> <span class='ocrx_word' id='word_1_25' title='bbox 663 303 802 350; x_wconf 86' lang='lat' dir='ltr'>tutior,</span> <span class='ocrx_word' id='word_1_26' title='bbox 834 305 911 341; x_wconf 89' lang='lat' dir='ltr'>imo</span> <span class='ocrx_word' id='word_1_27' title='bbox 932 305 1009 342; x_wconf 89' lang='lat' dir='ltr'>sola</span> <span class='ocrx_word' id='word_1_28' title='bbox 1048 313 1122 342; x_wconf 87' lang='lat' dir='ltr'>tuta</span> <span class='ocrx_word' id='word_1_29' title='bbox 1145 318 1213 356; x_wconf 87' lang='lat' dir='ltr'>ap-</span> 
     </span>
     <span class='ocr_line' id='line_1_5' title="bbox 99 356 1213 410; baseline -0.001 -15"><span class='ocrx_word' id='word_1_30' title='bbox 99 365 231 410; x_wconf 80' lang='lat' dir='ltr'>paret:</span> <span class='ocrx_word' id='word_1_31' title='bbox 259 365 389 395; x_wconf 84' lang='lat' dir='ltr'>contra</span> <span class='ocrx_word' id='word_1_32' title='bbox 410 365 538 398; x_wconf 79' lang='lat' dir='ltr'>autem</span> <span class='ocrx_word' id='word_1_33' title='bbox 559 361 622 394; x_wconf 74' lang='lat' dir='ltr'>via</span> <span class='ocrx_word' id='word_1_34' title='bbox 638 359 843 395; x_wconf 75' lang='lat' dir='ltr'>examinis</span> <span class='ocrx_word' id='word_1_35' title='bbox 873 356 1053 397; x_wconf 80' lang='lat' dir='ltr'>&amp;multis</span> <span class='ocrx_word' id='word_1_36' title='bbox 1072 359 1213 410; x_wconf 83' lang='lat' dir='ltr'>impos-</span> 
     </span>
     <span class='ocr_line' id='line_1_6' title="bbox 95 409 1213 465; baseline -0.001 -16"><span class='ocrx_word' id='word_1_37' title='bbox 95 409 225 449; x_wconf 75' lang='lat' dir='ltr'>sibilis</span> <span class='ocrx_word' id='word_1_38' title='bbox 251 419 332 459; x_wconf 86' lang='lat' dir='ltr'>est,</span> <span class='ocrx_word' id='word_1_39' title='bbox 366 410 400 446; x_wconf 86' lang='lat'>&amp;</span> <span class='ocrx_word' id='word_1_40' title='bbox 430 412 764 463; x_wconf 75' lang='lat' dir='ltr'>praesumptionis,</span> <span class='ocrx_word' id='word_1_41' title='bbox 808 413 1030 451; x_wconf 85' lang='lat' dir='ltr'>temeritatis</span> <span class='ocrx_word' id='word_1_42' title='bbox 1059 426 1104 451; x_wconf 85' lang='lat' dir='ltr'>ac</span> <span class='ocrx_word' id='word_1_43' title='bbox 1149 424 1213 465; x_wconf 88' lang='lat' dir='ltr'>pe-</span> 
     </span>
     <span class='ocr_line' id='line_1_7' title="bbox 97 463 568 518; baseline 0 -15"><span class='ocrx_word' id='word_1_44' title='bbox 97 463 214 503; x_wconf 66' lang='lat' dir='ltr'>riculi</span> <span class='ocrx_word' id='word_1_45' title='bbox 244 463 360 516; x_wconf 83' lang='lat' dir='ltr'>plena</span> <span class='ocrx_word' id='word_1_46' title='bbox 389 473 568 518; x_wconf 76' lang='lat' dir='ltr'>apparet.</span> 
     </span>
    </p>

    <p class='ocr_par' dir='ltr' id='par_1_3' title="bbox 91 517 1213 1211">
     <span class='ocr_line' id='line_1_8' title="bbox 154 517 1211 572; baseline 0 -17"><span class='ocrx_word' id='word_1_47' title='bbox 154 528 222 556; x_wconf 71' lang='lat'>21.</span> <span class='ocrx_word' id='word_1_48' title='bbox 253 517 456 569; x_wconf 80' lang='lat' dir='ltr'>Objiciunt</span> <span class='ocrx_word' id='word_1_49' title='bbox 486 528 612 558; x_wconf 85' lang='lat' dir='ltr'>autem</span> <span class='ocrx_word' id='word_1_50' title='bbox 644 519 771 572; x_wconf 85' lang='lat' dir='ltr'>primo</span> <span class='ocrx_word' id='word_1_51' title='bbox 799 518 1020 572; x_wconf 84' lang='lat' dir='ltr'>exemplum</span> <span class='ocrx_word' id='word_1_52' title='bbox 1042 518 1211 566; x_wconf 87' lang='lat' dir='ltr'>Christi,</span> 
     </span>
     <span class='ocr_line' id='line_1_9' title="bbox 95 569 1212 625; baseline 0.003 -18"><span class='ocrx_word' id='word_1_53' title='bbox 95 569 137 607; x_wconf 64' lang='lat' dir='ltr'>t&amp;</span> <span class='ocrx_word' id='word_1_54' title='bbox 168 572 435 624; x_wconf 82' lang='lat' dir='ltr'>Apostolorum</span> <span class='ocrx_word' id='word_1_55' title='bbox 459 603 469 620; x_wconf 87' lang='lat'>,</span> <span class='ocrx_word' id='word_1_56' title='bbox 518 575 584 625; x_wconf 87' lang='lat' dir='ltr'>qui</span> <span class='ocrx_word' id='word_1_57' title='bbox 615 575 652 612; x_wconf 91' lang='lat' dir='ltr'>in</span> <span class='ocrx_word' id='word_1_58' title='bbox 685 573 876 624; x_wconf 69' lang='lat' dir='ltr'>religionis</span> <span class='ocrx_word' id='word_1_59' title='bbox 908 576 1052 625; x_wconf 78' lang='lat' dir='ltr'>negotio</span> <span class='ocrx_word' id='word_1_60' title='bbox 1079 574 1212 610; x_wconf 79' lang='lat' dir='ltr'>omniu</span> 
     </span>
     <span class='ocr_line' id='line_1_10' title="bbox 97 626 1212 665; baseline 0.001 -4"><span class='ocrx_word' id='word_1_61' title='bbox 97 626 356 664; x_wconf 76' lang='lat' dir='ltr'>examinanda</span> <span class='ocrx_word' id='word_1_62' title='bbox 376 639 452 663; x_wconf 80' lang='lat' dir='ltr'>esse</span> <span class='ocrx_word' id='word_1_63' title='bbox 473 641 537 664; x_wconf 72' lang='lat' dir='ltr'>nos</span> <span class='ocrx_word' id='word_1_64' title='bbox 556 629 760 665; x_wconf 87' lang='lat' dir='ltr'>docuerunt</span> <span class='ocrx_word' id='word_1_65' title='bbox 774 654 781 664; x_wconf 90' lang='lat'>.</span> <span class='ocrx_word' id='word_1_66' title='bbox 804 626 973 665; x_wconf 78' lang='lat' dir='ltr'>Christus</span> <span class='ocrx_word' id='word_1_67' title='bbox 993 629 1094 665; x_wconf 88' lang='lat' dir='ltr'>enim</span> <span class='ocrx_word' id='word_1_68' title='bbox 1119 641 1212 664; x_wconf 91' lang='lat' dir='ltr'>nun-</span> 
     </span>
     <span class='ocr_line' id='line_1_11' title="bbox 98 679 1212 730; baseline 0.001 -15"><span class='ocrx_word' id='word_1_69' title='bbox 98 688 218 730; x_wconf 79' lang='lat' dir='ltr'>quam</span> <span class='ocrx_word' id='word_1_70' title='bbox 249 679 319 718; x_wconf 89' lang='lat' dir='ltr'>soli</span> <span class='ocrx_word' id='word_1_71' title='bbox 350 679 469 718; x_wconf 80' lang='lat' dir='ltr'>voluit</span> <span class='ocrx_word' id='word_1_72' title='bbox 500 696 578 719; x_wconf 72' lang='lat' dir='ltr'>suae</span> <span class='ocrx_word' id='word_1_73' title='bbox 622 680 836 720; x_wconf 64' lang='lat' dir='ltr'>auam-irati</span> <span class='ocrx_word' id='word_1_74' title='bbox 866 681 998 730; x_wconf 89' lang='lat' dir='ltr'>credi,</span> <span class='ocrx_word' id='word_1_75' title='bbox 1041 682 1103 718; x_wconf 85' lang='lat' dir='ltr'>sed</span> <span class='ocrx_word' id='word_1_76' title='bbox 1134 691 1212 717; x_wconf 88' lang='lat' dir='ltr'>tur-</span> 
     </span>
     <span class='ocr_line' id='line_1_12' title="bbox 100 730 1213 784; baseline -0.001 -14"><span class='ocrx_word' id='word_1_77' title='bbox 100 730 170 770; x_wconf 74' lang='lat' dir='ltr'>bas</span> <span class='ocrx_word' id='word_1_78' title='bbox 199 733 414 771; x_wconf 69' lang='lat' dir='ltr'>remittebat</span> <span class='ocrx_word' id='word_1_79' title='bbox 443 734 490 772; x_wconf 79' lang='lat' dir='ltr'>ad</span> <span class='ocrx_word' id='word_1_80' title='bbox 521 749 681 773; x_wconf 80' lang='lat' dir='ltr'>examen</span> <span class='ocrx_word' id='word_1_81' title='bbox 712 733 1019 781; x_wconf 70' lang='lat' dir='ltr'>miraculorum,</span> <span class='ocrx_word' id='word_1_82' title='bbox 1049 748 1094 771; x_wconf 79' lang='lat' dir='ltr'>ac</span> <span class='ocrx_word' id='word_1_83' title='bbox 1126 745 1213 784; x_wconf 85' lang='lat' dir='ltr'>pro-</span> 
     </span>
     <span class='ocr_line' id='line_1_13' title="bbox 98 784 1211 837; baseline 0.003 -16"><span class='ocrx_word' id='word_1_84' title='bbox 98 784 320 837; x_wconf 76' lang='lat' dir='ltr'>phetiarum</span> <span class='ocrx_word' id='word_1_85' title='bbox 350 796 466 826; x_wconf 86' lang='lat' dir='ltr'>veter.</span> <span class='ocrx_word' id='word_1_86' title='bbox 499 797 737 834; x_wconf 65' lang='lat' dir='ltr'>testantem-3</span> <span class='ocrx_word' id='word_1_87' title='bbox 777 798 816 826; x_wconf 87' lang='lat' dir='ltr'>ut</span> <span class='ocrx_word' id='word_1_88' title='bbox 846 785 986 825; x_wconf 73' lang='lat' dir='ltr'>Matth.</span> <span class='ocrx_word' id='word_1_89' title='bbox 1007 788 1077 825; x_wconf 88' lang='lat' dir='ltr'>XI.</span> <span class='ocrx_word' id='word_1_90' title='bbox 1109 787 1147 832; x_wconf 74' lang='grc'>4.</span> <span class='ocrx_word' id='word_1_91' title='bbox 1177 784 1211 821; x_wconf 75' lang='lat'>8&lt;</span> 
     </span>
     <span class='ocr_line' id='line_1_14' title="bbox 96 838 1209 895; baseline -0.004 -16"><span class='ocrx_word' id='word_1_92' title='bbox 96 851 177 891; x_wconf 71' lang='lat' dir='ltr'>seq.</span> <span class='ocrx_word' id='word_1_93' title='bbox 195 868 205 887; x_wconf 85' lang='lat'>‚</span> <span class='ocrx_word' id='word_1_94' title='bbox 237 839 271 876; x_wconf 76' lang='grc'>8(</span> <span class='ocrx_word' id='word_1_95' title='bbox 298 840 358 880; x_wconf 87' lang='lat' dir='ltr'>J0.</span> <span class='ocrx_word' id='word_1_96' title='bbox 379 841 429 880; x_wconf 90' lang='lat' dir='ltr'>V.</span> <span class='ocrx_word' id='word_1_97' title='bbox 452 843 517 895; x_wconf 80' lang='lat'>59.</span> <span class='ocrx_word' id='word_1_98' title='bbox 560 843 624 882; x_wconf 90' lang='lat' dir='ltr'>Sic</span> <span class='ocrx_word' id='word_1_99' title='bbox 654 843 767 880; x_wconf 78' lang='lat' dir='ltr'>etiam</span> <span class='ocrx_word' id='word_1_100' title='bbox 797 850 954 891; x_wconf 77' lang='lat' dir='ltr'>egerunt</span> <span class='ocrx_word' id='word_1_101' title='bbox 982 840 1123 878; x_wconf 77' lang='lat' dir='ltr'>Christi</span> <span class='ocrx_word' id='word_1_102' title='bbox 1153 838 1209 875; x_wconf 83' lang='lat' dir='ltr'>‹ii-</span> 
     </span>
     <span class='ocr_line' id='line_1_15' title="bbox 93 891 1210 948; baseline -0.001 -19"><span class='ocrx_word' id='word_1_103' title='bbox 93 891 236 945; x_wconf 73' lang='lat' dir='ltr'>scipuli</span> <span class='ocrx_word' id='word_1_104' title='bbox 260 924 270 942; x_wconf 87' lang='lat'>‚</span> <span class='ocrx_word' id='word_1_105' title='bbox 319 896 357 933; x_wconf 91' lang='lat' dir='ltr'>iu</span> <span class='ocrx_word' id='word_1_106' title='bbox 386 909 551 948; x_wconf 87' lang='lat' dir='ltr'>quorum</span> <span class='ocrx_word' id='word_1_107' title='bbox 598 894 917 945; x_wconf 77' lang='lat' dir='ltr'>divinis&#39;scriptis</span> <span class='ocrx_word' id='word_1_108' title='bbox 947 902 1129 944; x_wconf 87' lang='lat' dir='ltr'>perpetuo</span> <span class='ocrx_word' id='word_1_109' title='bbox 1157 899 1210 928; x_wconf 89' lang='lat' dir='ltr'>te-</span> 
     </span>
     <span class='ocr_line' id='line_1_16' title="bbox 94 945 1209 997; baseline 0.001 -15"><span class='ocrx_word' id='word_1_110' title='bbox 94 947 274 986; x_wconf 80' lang='lat' dir='ltr'>stimonia</span> <span class='ocrx_word' id='word_1_111' title='bbox 304 958 474 987; x_wconf 86' lang='lat' dir='ltr'>veterum</span> <span class='ocrx_word' id='word_1_112' title='bbox 504 948 780 997; x_wconf 68' lang='lat' dir='ltr'>Prophetarum</span> <span class='ocrx_word' id='word_1_113' title='bbox 823 945 989 996; x_wconf 78' lang='lat' dir='ltr'>allegata</span> <span class='ocrx_word' id='word_1_114' title='bbox 1018 946 1209 996; x_wconf 80' lang='lat' dir='ltr'>legimus.</span> 
     </span>
     <span class='ocr_line' id='line_1_17' title="bbox 94 998 1209 1051; baseline -0.004 -13"><span class='ocrx_word' id='word_1_115' title='bbox 94 999 142 1038; x_wconf 87' lang='lat' dir='ltr'>Et</span> <span class='ocrx_word' id='word_1_116' title='bbox 172 999 333 1039; x_wconf 64' lang='lat' dir='ltr'>SanRus</span> <span class='ocrx_word' id='word_1_117' title='bbox 362 1002 502 1040; x_wconf 76' lang='lat' dir='ltr'>Paulus</span> <span class='ocrx_word' id='word_1_118' title='bbox 532 1001 615 1040; x_wconf 72' lang='lat' dir='ltr'>Ast.</span> <span class='ocrx_word' id='word_1_119' title='bbox 639 1000 784 1038; x_wconf 85' lang='lat' dir='ltr'>XVIII.</span> <span class='ocrx_word' id='word_1_120' title='bbox 812 1011 872 1036; x_wconf 88' lang='lat'>10.</span> <span class='ocrx_word' id='word_1_121' title='bbox 915 998 949 1034; x_wconf 84' lang='lat'>&amp;</span> <span class='ocrx_word' id='word_1_122' title='bbox 989 1006 1095 1051; x_wconf 77' lang='lat' dir='ltr'>sequ.</span> <span class='ocrx_word' id='word_1_123' title='bbox 1142 998 1209 1035; x_wconf 80' lang='lat' dir='ltr'>Be-</span> 
     </span>
     <span class='ocr_line' id='line_1_18' title="bbox 93 1053 1211 1108; baseline -0.004 -17"><span class='ocrx_word' id='word_1_124' title='bbox 93 1056 288 1093; x_wconf 84' lang='lat' dir='ltr'>roensium</span> <span class='ocrx_word' id='word_1_125' title='bbox 309 1055 550 1108; x_wconf 78' lang='lat' dir='ltr'>diligentiam</span> <span class='ocrx_word' id='word_1_126' title='bbox 571 1054 727 1101; x_wconf 80' lang='lat' dir='ltr'>laudat,</span> <span class='ocrx_word' id='word_1_127' title='bbox 749 1053 816 1105; x_wconf 88' lang='lat' dir='ltr'>qui</span> <span class='ocrx_word' id='word_1_128' title='bbox 837 1060 1100 1104; x_wconf 70' lang='lat' dir='ltr'>susceperant</span> <span class='ocrx_word' id='word_1_129' title='bbox 1127 1064 1211 1089; x_wconf 63' lang='lat' dir='ltr'>wer-</span> 
     </span>
     <span class='ocr_line' id='line_1_19' title="bbox 93 1104 1209 1156; baseline 0.002 -13"><span class='ocrx_word' id='word_1_130' title='bbox 93 1104 186 1145; x_wconf 79' lang='lat' dir='ltr'>bum</span> <span class='ocrx_word' id='word_1_131' title='bbox 229 1121 321 1145; x_wconf 83' lang='lat' dir='ltr'>cum</span> <span class='ocrx_word' id='word_1_132' title='bbox 350 1113 460 1147; x_wconf 86' lang='lat' dir='ltr'>omni</span> <span class='ocrx_word' id='word_1_133' title='bbox 508 1107 726 1154; x_wconf 73' lang='lat' dir='ltr'>aviditate,</span> <span class='ocrx_word' id='word_1_134' title='bbox 774 1105 945 1156; x_wconf 79' lang='lat' dir='ltr'>quotidie</span> <span class='ocrx_word' id='word_1_135' title='bbox 982 1114 1209 1145; x_wconf 73' lang='lat' dir='ltr'>scrutantes</span> 
     </span>
     <span class='ocr_line' id='line_1_20' title="bbox 91 1159 919 1211; baseline 0 -14"><span class='ocrx_word' id='word_1_136' title='bbox 91 1159 348 1211; x_wconf 74' lang='lat' dir='ltr'>Scripturas,</span> <span class='ocrx_word' id='word_1_137' title='bbox 378 1165 412 1198; x_wconf 90' lang='lat' dir='ltr'>si</span> <span class='ocrx_word' id='word_1_138' title='bbox 431 1161 517 1199; x_wconf 78' lang='lat' dir='ltr'>hoec</span> <span class='ocrx_word' id='word_1_139' title='bbox 547 1166 606 1200; x_wconf 77' lang='lat' dir='ltr'>ita</span> <span class='ocrx_word' id='word_1_140' title='bbox 632 1175 676 1199; x_wconf 90' lang='lat' dir='ltr'>se</span> <span class='ocrx_word' id='word_1_141' title='bbox 704 1159 919 1198; x_wconf 67' lang='lat' dir='ltr'>haberent.</span> 
     </span>
    </p>

    <p class='ocr_par' dir='ltr' id='par_1_4' title="bbox 68 1212 1210 2126">
     <span class='ocr_line' id='line_1_21' title="bbox 148 1212 1210 1267; baseline 0.001 -16"><span class='ocrx_word' id='word_1_142' title='bbox 148 1225 213 1251; x_wconf 82' lang='lat'>22.</span> <span class='ocrx_word' id='word_1_143' title='bbox 245 1212 434 1267; x_wconf 74' lang='lat' dir='ltr'>Respond.</span> <span class='ocrx_word' id='word_1_144' title='bbox 463 1215 660 1255; x_wconf 81' lang='lat' dir='ltr'>Christum</span> <span class='ocrx_word' id='word_1_145' title='bbox 690 1215 818 1253; x_wconf 85' lang='lat' dir='ltr'>Jesum</span> <span class='ocrx_word' id='word_1_146' title='bbox 863 1213 1041 1253; x_wconf 72' lang='lat' dir='ltr'>debuisse</span> <span class='ocrx_word' id='word_1_147' title='bbox 1082 1214 1210 1266; x_wconf 85' lang='lat' dir='ltr'>primo</span> 
     </span>
     <span class='ocr_line' id='line_1_22' title="bbox 93 1267 1207 1321; baseline 0.003 -18"><span class='ocrx_word' id='word_1_148' title='bbox 93 1278 202 1305; x_wconf 79' lang='lat' dir='ltr'>suam</span> <span class='ocrx_word' id='word_1_149' title='bbox 228 1267 406 1307; x_wconf 73' lang='lat' dir='ltr'>divinam</span> <span class='ocrx_word' id='word_1_150' title='bbox 437 1271 659 1308; x_wconf 81' lang='lat' dir='ltr'>missionem</span> <span class='ocrx_word' id='word_1_151' title='bbox 677 1299 687 1317; x_wconf 91' lang='lat'>,</span> <span class='ocrx_word' id='word_1_152' title='bbox 717 1267 1058 1321; x_wconf 67' lang='lat' dir='ltr'>austoritatemque</span> <span class='ocrx_word' id='word_1_153' title='bbox 1086 1276 1207 1306; x_wconf 83' lang='lat' dir='ltr'>osten-</span> 
     </span>
     <span class='ocr_line' id='line_1_23' title="bbox 91 1320 1208 1366; baseline 0.002 -10"><span class='ocrx_word' id='word_1_154' title='bbox 91 1320 207 1366; x_wconf 86' lang='lat' dir='ltr'>dere;</span> <span class='ocrx_word' id='word_1_155' title='bbox 238 1321 271 1357; x_wconf 74' lang='grc' dir='ltr'>ἃ</span> <span class='ocrx_word' id='word_1_156' title='bbox 301 1331 392 1361; x_wconf 88' lang='lat' dir='ltr'>tunc</span> <span class='ocrx_word' id='word_1_157' title='bbox 422 1325 592 1362; x_wconf 80' lang='lat' dir='ltr'>examini</span> <span class='ocrx_word' id='word_1_158' title='bbox 621 1331 700 1361; x_wconf 82' lang='lat' dir='ltr'>erat</span> <span class='ocrx_word' id='word_1_159' title='bbox 730 1321 863 1360; x_wconf 78' lang='lat' dir='ltr'>locus.</span> <span class='ocrx_word' id='word_1_160' title='bbox 901 1322 1109 1360; x_wconf 83' lang='lat' dir='ltr'>Constituta</span> <span class='ocrx_word' id='word_1_161' title='bbox 1140 1335 1208 1360; x_wconf 90' lang='lat' dir='ltr'>au-</span> 
     </span>
     <span class='ocr_line' id='line_1_24' title="bbox 89 1373 1209 1430; baseline 0.004 -21"><span class='ocrx_word' id='word_1_162' title='bbox 89 1381 167 1411; x_wconf 79' lang='lat' dir='ltr'>tem</span> <span class='ocrx_word' id='word_1_163' title='bbox 198 1373 269 1413; x_wconf 80' lang='lat' dir='ltr'>hac</span> <span class='ocrx_word' id='word_1_164' title='bbox 299 1389 366 1414; x_wconf 82' lang='lat' dir='ltr'>sua</span> <span class='ocrx_word' id='word_1_165' title='bbox 408 1391 589 1430; x_wconf 87' lang='lat' dir='ltr'>suprema</span> <span class='ocrx_word' id='word_1_166' title='bbox 631 1375 878 1424; x_wconf 70' lang='lat' dir='ltr'>auctoritate,</span> <span class='ocrx_word' id='word_1_167' title='bbox 920 1388 998 1415; x_wconf 87' lang='lat' dir='ltr'>non</span> <span class='ocrx_word' id='word_1_168' title='bbox 1040 1374 1209 1428; x_wconf 84' lang='lat' dir='ltr'>amplius</span> 
     </span>
     <span class='ocr_line' id='line_1_25' title="bbox 90 1425 1208 1482; baseline 0.002 -17"><span class='ocrx_word' id='word_1_169' title='bbox 90 1425 247 1466; x_wconf 72' lang='lat' dir='ltr'>licuisse</span> <span class='ocrx_word' id='word_1_170' title='bbox 276 1442 319 1467; x_wconf 82' lang='lat' dir='ltr'>ea</span> <span class='ocrx_word' id='word_1_171' title='bbox 347 1431 389 1468; x_wconf 60' lang='lat' dir='ltr'>&gt;in</span> <span class='ocrx_word' id='word_1_172' title='bbox 419 1444 579 1469; x_wconf 82' lang='lat' dir='ltr'>examen</span> <span class='ocrx_word' id='word_1_173' title='bbox 617 1443 779 1478; x_wconf 84' lang='lat' dir='ltr'>vocare,</span> <span class='ocrx_word' id='word_1_174' title='bbox 822 1443 910 1482; x_wconf 78' lang='lat' dir='ltr'>quae</span> <span class='ocrx_word' id='word_1_175' title='bbox 940 1428 1008 1468; x_wconf 90' lang='lat' dir='ltr'>ille</span> <span class='ocrx_word' id='word_1_176' title='bbox 1050 1429 1208 1468; x_wconf 87' lang='lat' dir='ltr'>creden-</span> 
     </span>
     <span class='ocr_line' id='line_1_26' title="bbox 90 1480 1207 1534; baseline 0.002 -16"><span class='ocrx_word' id='word_1_177' title='bbox 90 1480 137 1518; x_wconf 80' lang='lat' dir='ltr'>da</span> <span class='ocrx_word' id='word_1_178' title='bbox 157 1511 168 1530; x_wconf 88' lang='lat'>,</span> <span class='ocrx_word' id='word_1_179' title='bbox 199 1481 232 1518; x_wconf 73' lang='grc' dir='ltr'>ἃ</span> <span class='ocrx_word' id='word_1_180' title='bbox 260 1484 408 1534; x_wconf 72' lang='lat' dir='ltr'>vagenda</span> <span class='ocrx_word' id='word_1_181' title='bbox 439 1484 636 1523; x_wconf 86' lang='lat' dir='ltr'>tradebat.</span> <span class='ocrx_word' id='word_1_182' title='bbox 667 1484 770 1522; x_wconf 88' lang='lat' dir='ltr'>Hinc</span> <span class='ocrx_word' id='word_1_183' title='bbox 800 1484 937 1522; x_wconf 76' lang='lat' dir='ltr'>Joann.</span> <span class='ocrx_word' id='word_1_184' title='bbox 958 1482 1065 1522; x_wconf 85' lang='lat' dir='ltr'>VIII.</span> <span class='ocrx_word' id='word_1_185' title='bbox 1090 1496 1151 1521; x_wconf 80' lang='lat'>12.</span> <span class='ocrx_word' id='word_1_186' title='bbox 1173 1482 1207 1520; x_wconf 71' lang='lat'>8&lt;</span> 
     </span>
     <span class='ocr_line' id='line_1_27' title="bbox 90 1536 1208 1591; baseline 0.002 -19"><span class='ocrx_word' id='word_1_187' title='bbox 90 1548 169 1587; x_wconf 76' lang='lat' dir='ltr'>seq.</span> <span class='ocrx_word' id='word_1_188' title='bbox 198 1536 375 1575; x_wconf 84' lang='lat' dir='ltr'>dicebat:</span> <span class='ocrx_word' id='word_1_189' title='bbox 421 1552 493 1591; x_wconf 72' lang='lat' dir='ltr'>ego</span> <span class='ocrx_word' id='word_1_190' title='bbox 522 1552 611 1576; x_wconf 89' lang='lat' dir='ltr'>sum</span> <span class='ocrx_word' id='word_1_191' title='bbox 641 1538 710 1575; x_wconf 77' lang='lat' dir='ltr'>lux</span> <span class='ocrx_word' id='word_1_192' title='bbox 741 1537 911 1582; x_wconf 79' lang='lat' dir='ltr'>mundi;</span> <span class='ocrx_word' id='word_1_193' title='bbox 939 1541 1004 1589; x_wconf 85' lang='lat' dir='ltr'>qui</span> <span class='ocrx_word' id='word_1_194' title='bbox 1033 1541 1208 1587; x_wconf 83' lang='lat' dir='ltr'>sequitur</span> 
     </span>
     <span class='ocr_line' id='line_1_28' title="bbox 68 1590 1206 1639; baseline 0.002 -14"><span class='ocrx_word' id='word_1_195' title='bbox 68 1602 185 1638; x_wconf 43' lang='lat' dir='ltr'>¹nme,</span> <span class='ocrx_word' id='word_1_196' title='bbox 231 1603 313 1628; x_wconf 86' lang='lat' dir='ltr'>non</span> <span class='ocrx_word' id='word_1_197' title='bbox 343 1591 524 1629; x_wconf 76' lang='lat' dir='ltr'>ambulat</span> <span class='ocrx_word' id='word_1_198' title='bbox 554 1595 595 1628; x_wconf 76' lang='lat' dir='ltr'>in.</span> <span class='ocrx_word' id='word_1_199' title='bbox 625 1590 815 1639; x_wconf 68' lang='lat' dir='ltr'>tenebris,</span> <span class='ocrx_word' id='word_1_200' title='bbox 860 1591 929 1629; x_wconf 62' lang='lat' dir='ltr'>setl</span> <span class='ocrx_word' id='word_1_201' title='bbox 965 1590 1119 1629; x_wconf 73' lang='lat' dir='ltr'>habebit</span> <span class='ocrx_word' id='word_1_202' title='bbox 1148 1591 1206 1627; x_wconf 86' lang='lat' dir='ltr'>Zu-</span> 
     </span>
     <span class='ocr_line' id='line_1_29' title="bbox 89 1643 1206 1694; baseline 0.003 -15"><span class='ocrx_word' id='word_1_203' title='bbox 89 1655 185 1680; x_wconf 80' lang='lat' dir='ltr'>men</span> <span class='ocrx_word' id='word_1_204' title='bbox 215 1647 330 1682; x_wconf 65' lang='lat' dir='ltr'>vitoe.</span> <span class='ocrx_word' id='word_1_205' title='bbox 378 1646 558 1683; x_wconf 87' lang='lat' dir='ltr'>Ceterum</span> <span class='ocrx_word' id='word_1_206' title='bbox 603 1644 743 1683; x_wconf 75' lang='lat' dir='ltr'>falsum</span> <span class='ocrx_word' id='word_1_207' title='bbox 780 1646 941 1683; x_wconf 86' lang='lat' dir='ltr'>omnino</span> <span class='ocrx_word' id='word_1_208' title='bbox 970 1654 1069 1694; x_wconf 50' lang='lat' dir='ltr'>est„</span> <span class='ocrx_word' id='word_1_209' title='bbox 1092 1643 1206 1682; x_wconf 90' lang='lat' dir='ltr'>Chri-</span> 
     </span>
     <span class='ocr_line' id='line_1_30' title="bbox 91 1697 1205 1751; baseline 0.003 -18"><span class='ocrx_word' id='word_1_210' title='bbox 91 1705 189 1734; x_wconf 82' lang='lat' dir='ltr'>stum</span> <span class='ocrx_word' id='word_1_211' title='bbox 221 1697 434 1736; x_wconf 85' lang='lat' dir='ltr'>Dominum</span> <span class='ocrx_word' id='word_1_212' title='bbox 465 1713 539 1738; x_wconf 89' lang='lat' dir='ltr'>non</span> <span class='ocrx_word' id='word_1_213' title='bbox 582 1700 747 1751; x_wconf 80' lang='lat' dir='ltr'>exegisse</span> <span class='ocrx_word' id='word_1_214' title='bbox 791 1698 1026 1751; x_wconf 76' lang='lat' dir='ltr'>aliquandO,</span> <span class='ocrx_word' id='word_1_215' title='bbox 1069 1707 1109 1736; x_wconf 87' lang='lat' dir='ltr'>ut</span> <span class='ocrx_word' id='word_1_216' title='bbox 1137 1711 1205 1736; x_wconf 85' lang='lat' dir='ltr'>suo</span> 
     </span>
     <span class='ocr_line' id='line_1_31' title="bbox 88 1750 1203 1804; baseline 0.004 -17"><span class='ocrx_word' id='word_1_217' title='bbox 88 1751 305 1790; x_wconf 77' lang='lat' dir='ltr'>testimonio</span> <span class='ocrx_word' id='word_1_218' title='bbox 335 1751 489 1804; x_wconf 78' lang='lat' dir='ltr'>plenam</span> <span class='ocrx_word' id='word_1_219' title='bbox 521 1753 638 1791; x_wconf 82' lang='lat' dir='ltr'>fidem</span> <span class='ocrx_word' id='word_1_220' title='bbox 668 1753 791 1791; x_wconf 81' lang='lat' dir='ltr'>turboe</span> <span class='ocrx_word' id='word_1_221' title='bbox 822 1750 1074 1791; x_wconf 76' lang='lat' dir='ltr'>adhiberent.</span> <span class='ocrx_word' id='word_1_222' title='bbox 1103 1753 1203 1791; x_wconf 88' lang='lat' dir='ltr'>Cum</span> 
     </span>
     <span class='ocr_line' id='line_1_32' title="bbox 87 1804 1203 1858; baseline 0.004 -19"><span class='ocrx_word' id='word_1_223' title='bbox 87 1805 193 1841; x_wconf 86' lang='lat' dir='ltr'>enim</span> <span class='ocrx_word' id='word_1_224' title='bbox 223 1804 406 1844; x_wconf 84' lang='lat' dir='ltr'>Pharisaei</span> <span class='ocrx_word' id='word_1_225' title='bbox 436 1807 518 1844; x_wconf 87' lang='lat' dir='ltr'>ausi</span> <span class='ocrx_word' id='word_1_226' title='bbox 547 1815 667 1845; x_wconf 81' lang='lat' dir='ltr'>essent</span> <span class='ocrx_word' id='word_1_227' title='bbox 698 1806 756 1845; x_wconf 86' lang='lat' dir='ltr'>illi</span> <span class='ocrx_word' id='word_1_228' title='bbox 798 1805 969 1858; x_wconf 79' lang='lat' dir='ltr'>objicere</span> <span class='ocrx_word' id='word_1_229' title='bbox 1006 1806 1079 1845; x_wconf 87' lang='lat' dir='ltr'>loc.</span> <span class='ocrx_word' id='word_1_230' title='bbox 1109 1807 1173 1844; x_wconf 86' lang='lat' dir='ltr'>cit.</span> <span class='ocrx_word' id='word_1_231' title='bbox 1192 1836 1203 1854; x_wconf 92' lang='lat'>,</span> 
     </span>
     <span class='ocr_line' id='line_1_33' title="bbox 87 1856 1203 1911; baseline 0.004 -19"><span class='ocrx_word' id='word_1_232' title='bbox 87 1865 129 1893; x_wconf 79' lang='grc' dir='ltr'>τα</span> <span class='ocrx_word' id='word_1_233' title='bbox 150 1856 198 1894; x_wconf 73' lang='lat' dir='ltr'>de</span> <span class='ocrx_word' id='word_1_234' title='bbox 218 1866 256 1896; x_wconf 87' lang='lat' dir='ltr'>te</span> <span class='ocrx_word' id='word_1_235' title='bbox 285 1862 368 1908; x_wconf 88' lang='lat' dir='ltr'>ipso</span> <span class='ocrx_word' id='word_1_236' title='bbox 396 1863 668 1898; x_wconf 79' lang='lat' dir='ltr'>testimonium</span> <span class='ocrx_word' id='word_1_237' title='bbox 697 1860 900 1911; x_wconf 65' lang='lat' dir='ltr'>perhibes,</span> <span class='ocrx_word' id='word_1_238' title='bbox 930 1864 1203 1898; x_wconf 83' lang='lat' dir='ltr'>testimonium</span> 
     </span>
     <span class='ocr_line' id='line_1_34' title="bbox 89 1913 1202 1963; baseline 0.005 -19"><span class='ocrx_word' id='word_1_239' title='bbox 89 1918 202 1947; x_wconf 71' lang='lat' dir='ltr'>mium</span> <span class='ocrx_word' id='word_1_240' title='bbox 231 1925 312 1949; x_wconf 89' lang='lat' dir='ltr'>non</span> <span class='ocrx_word' id='word_1_241' title='bbox 333 1921 391 1950; x_wconf 86' lang='lat' dir='ltr'>est</span> <span class='ocrx_word' id='word_1_242' title='bbox 412 1927 572 1952; x_wconf 67' lang='lat' dir='ltr'>verum.</span> <span class='ocrx_word' id='word_1_243' title='bbox 604 1914 822 1963; x_wconf 69' lang='lat' dir='ltr'>Respondit</span> <span class='ocrx_word' id='word_1_244' title='bbox 849 1913 990 1962; x_wconf 77' lang='lat' dir='ltr'>Iesus,</span> <span class='ocrx_word' id='word_1_245' title='bbox 1019 1915 1070 1954; x_wconf 63' lang='grc' dir='ltr'>(θ’</span> <span class='ocrx_word' id='word_1_246' title='bbox 1100 1913 1202 1951; x_wconf 83' lang='lat' dir='ltr'>dixit</span> 
     </span>
     <span class='ocr_line' id='line_1_35' title="bbox 89 1966 1202 2018; baseline 0.004 -18"><span class='ocrx_word' id='word_1_247' title='bbox 89 1967 193 2000; x_wconf 51' lang='lat' dir='ltr'>eis.·*</span> <span class='ocrx_word' id='word_1_248' title='bbox 216 1969 289 2001; x_wconf 77' lang='lat' dir='ltr'>etsi</span> <span class='ocrx_word' id='word_1_249' title='bbox 330 1980 404 2018; x_wconf 73' lang='lat' dir='ltr'>ego</span> <span class='ocrx_word' id='word_1_250' title='bbox 446 1971 721 2004; x_wconf 81' lang='lat' dir='ltr'>testimonium</span> <span class='ocrx_word' id='word_1_251' title='bbox 762 1966 944 2017; x_wconf 73' lang='lat' dir='ltr'>perhibeo</span> <span class='ocrx_word' id='word_1_252' title='bbox 984 1967 1034 2005; x_wconf 80' lang='lat' dir='ltr'>de</span> <span class='ocrx_word' id='word_1_253' title='bbox 1063 1979 1128 2005; x_wconf 90' lang='lat' dir='ltr'>me</span> <span class='ocrx_word' id='word_1_254' title='bbox 1172 1970 1202 2004; x_wconf 82' lang='lat' dir='ltr'>i-</span> 
     </span>
     <span class='ocr_line' id='line_1_36' title="bbox 88 2019 1201 2067; baseline 0.004 -13"><span class='ocrx_word' id='word_1_255' title='bbox 88 2028 187 2067; x_wconf 81' lang='lat' dir='ltr'>pso,</span> <span class='ocrx_word' id='word_1_256' title='bbox 224 2031 360 2056; x_wconf 75' lang='lat' dir='ltr'>verum</span> <span class='ocrx_word' id='word_1_257' title='bbox 403 2029 461 2057; x_wconf 81' lang='lat' dir='ltr'>est</span> <span class='ocrx_word' id='word_1_258' title='bbox 492 2023 767 2058; x_wconf 78' lang='lat' dir='ltr'>testimonium</span> <span class='ocrx_word' id='word_1_259' title='bbox 808 2028 970 2058; x_wconf 82' lang='lat' dir='ltr'>meum.</span> <span class='ocrx_word' id='word_1_260' title='bbox 989 2046 1026 2058; x_wconf 82' lang='lat'>..</span> <span class='ocrx_word' id='word_1_261' title='bbox 1065 2019 1115 2061; x_wconf 59' lang='grc' dir='ltr'>(θ’</span> <span class='ocrx_word' id='word_1_262' title='bbox 1145 2028 1201 2058; x_wconf 52' lang='grc' dir='ltr'>ΐεε</span> 
     </span>
     <span class='ocr_line' id='line_1_37' title="bbox 86 2072 1201 2126; baseline 0.004 -18"><span class='ocrx_word' id='word_1_263' title='bbox 86 2074 318 2110; x_wconf 69' lang='lat' dir='ltr'>stimonium</span> <span class='ocrx_word' id='word_1_264' title='bbox 341 2072 513 2126; x_wconf 68' lang='lat' dir='ltr'>perhibet</span> <span class='ocrx_word' id='word_1_265' title='bbox 533 2073 582 2112; x_wconf 77' lang='lat' dir='ltr'>de</span> <span class='ocrx_word' id='word_1_266' title='bbox 603 2087 690 2122; x_wconf 87' lang='lat' dir='ltr'>me,</span> <span class='ocrx_word' id='word_1_267' title='bbox 713 2077 776 2126; x_wconf 86' lang='lat' dir='ltr'>qui</span> <span class='ocrx_word' id='word_1_268' title='bbox 797 2078 905 2111; x_wconf 80' lang='lat' dir='ltr'>misit</span> <span class='ocrx_word' id='word_1_269' title='bbox 926 2087 992 2113; x_wconf 91' lang='lat' dir='ltr'>me</span> <span class='ocrx_word' id='word_1_270' title='bbox 1010 2105 1020 2121; x_wconf 86' lang='lat'>,</span> <span class='ocrx_word' id='word_1_271' title='bbox 1050 2073 1201 2112; x_wconf 83' lang='lat' dir='ltr'>Pater.</span> 
     </span>
    </p>

    <p class='ocr_par' dir='ltr' id='par_1_5' title="bbox 81 2124 1203 2809">
     <span class='ocr_line' id='line_1_38' title="bbox 144 2124 1201 2180; baseline 0.004 -18"><span class='ocrx_word' id='word_1_272' title='bbox 144 2124 208 2163; x_wconf 79' lang='lat'>25.</span> <span class='ocrx_word' id='word_1_273' title='bbox 238 2126 326 2164; x_wconf 80' lang='lat' dir='ltr'>Jesu</span> <span class='ocrx_word' id='word_1_274' title='bbox 355 2127 495 2167; x_wconf 81' lang='lat' dir='ltr'>Christi</span> <span class='ocrx_word' id='word_1_275' title='bbox 529 2127 756 2180; x_wconf 81' lang='lat' dir='ltr'>&#39;exemplum</span> <span class='ocrx_word' id='word_1_276' title='bbox 794 2129 967 2166; x_wconf 76' lang='lat' dir='ltr'>imitatur</span> <span class='ocrx_word' id='word_1_277' title='bbox 998 2127 1170 2166; x_wconf 78' lang='lat' dir='ltr'>Ecclesia</span> <span class='ocrx_word' id='word_1_278' title='bbox 1189 2157 1201 2176; x_wconf 86' lang='lat'>,</span> 
     </span>
     <span class='ocr_line' id='line_1_39' title="bbox 87 2176 1200 2230; baseline 0.003 -16"><span class='ocrx_word' id='word_1_279' title='bbox 87 2176 123 2214; x_wconf 77' lang='lat' dir='ltr'>8c</span> <span class='ocrx_word' id='word_1_280' title='bbox 153 2179 280 2230; x_wconf 85' lang='lat' dir='ltr'>primo</span> <span class='ocrx_word' id='word_1_281' title='bbox 307 2191 438 2220; x_wconf 87' lang='lat' dir='ltr'>contra</span> <span class='ocrx_word' id='word_1_282' title='bbox 468 2180 686 2220; x_wconf 78' lang='lat' dir='ltr'>incredulos</span> <span class='ocrx_word' id='word_1_283' title='bbox 729 2181 927 2219; x_wconf 81' lang='lat' dir='ltr'>veritatem</span> <span class='ocrx_word' id='word_1_284' title='bbox 969 2180 1111 2219; x_wconf 83' lang='lat' dir='ltr'>divinae</span> <span class='ocrx_word' id='word_1_285' title='bbox 1142 2193 1200 2217; x_wconf 83' lang='lat' dir='ltr'>re-</span> 
     </span>
     <span class='ocr_line' id='line_1_40' title="bbox 89 2230 1200 2286; baseline 0.003 -18"><span class='ocrx_word' id='word_1_286' title='bbox 89 2230 293 2272; x_wconf 77' lang='lat' dir='ltr'>velationis</span> <span class='ocrx_word' id='word_1_287' title='bbox 321 2249 367 2273; x_wconf 87' lang='lat' dir='ltr'>ex</span> <span class='ocrx_word' id='word_1_288' title='bbox 397 2234 597 2273; x_wconf 86' lang='lat' dir='ltr'>mirac-ulis</span> <span class='ocrx_word' id='word_1_289' title='bbox 627 2234 867 2286; x_wconf 87' lang='lat' dir='ltr'>potissimum</span> <span class='ocrx_word' id='word_1_290' title='bbox 885 2263 896 2281; x_wconf 91' lang='lat'>,</span> <span class='ocrx_word' id='word_1_291' title='bbox 926 2232 959 2270; x_wconf 76' lang='grc' dir='ltr'>δι</span> <span class='ocrx_word' id='word_1_292' title='bbox 989 2233 1200 2286; x_wconf 83' lang='lat' dir='ltr'>prophetiis</span> 
     </span>
     <span class='ocr_line' id='line_1_41' title="bbox 84 2285 1201 2339; baseline 0.003 -17"><span class='ocrx_word' id='word_1_293' title='bbox 84 2285 226 2324; x_wconf 68' lang='lat' dir='ltr'>invicte</span> <span class='ocrx_word' id='word_1_294' title='bbox 256 2288 508 2326; x_wconf 88' lang='lat' dir='ltr'>demonstrat.</span> <span class='ocrx_word' id='word_1_295' title='bbox 548 2287 697 2326; x_wconf 81' lang='lat' dir='ltr'>Deinde</span> <span class='ocrx_word' id='word_1_296' title='bbox 725 2300 771 2325; x_wconf 80' lang='lat' dir='ltr'>ex</span> <span class='ocrx_word' id='word_1_297' title='bbox 801 2286 1122 2339; x_wconf 79' lang='lat' dir='ltr'>promissionibus</span> <span class='ocrx_word' id='word_1_298' title='bbox 1151 2288 1201 2325; x_wconf 85' lang='lat' dir='ltr'>si-</span> 
     </span>
     <span class='ocr_line' id='line_1_42' title="bbox 85 2337 1201 2380; baseline 0.002 -4"><span class='ocrx_word' id='word_1_299' title='bbox 85 2337 128 2376; x_wconf 77' lang='lat' dir='ltr'>bi</span> <span class='ocrx_word' id='word_1_300' title='bbox 153 2353 180 2378; x_wconf 61' lang='lat' dir='ltr'>⁴a</span> <span class='ocrx_word' id='word_1_301' title='bbox 207 2339 359 2379; x_wconf 89' lang='lat' dir='ltr'>Christo</span> <span class='ocrx_word' id='word_1_302' title='bbox 386 2342 556 2380; x_wconf 81' lang='lat' dir='ltr'>Domino</span> <span class='ocrx_word' id='word_1_303' title='bbox 593 2340 703 2380; x_wconf 62' lang='lat' dir='ltr'>fastis</span> <span class='ocrx_word' id='word_1_304' title='bbox 748 2341 908 2379; x_wconf 79' lang='lat' dir='ltr'>ostendit</span> <span class='ocrx_word' id='word_1_305' title='bbox 948 2339 1201 2379; x_wconf 75' lang='lat' dir='ltr'>infallibilem</span> 
     </span>
     <span class='ocr_line' id='line_1_43' title="bbox 82 2390 1201 2448; baseline 0.004 -20"><span class='ocrx_word' id='word_1_306' title='bbox 82 2390 223 2439; x_wconf 71' lang='lat' dir='ltr'>iilam,</span> <span class='ocrx_word' id='word_1_307' title='bbox 253 2393 286 2430; x_wconf 77' lang='lat'>8&lt;</span> <span class='ocrx_word' id='word_1_308' title='bbox 316 2408 537 2446; x_wconf 80' lang='lat' dir='ltr'>supremam</span> <span class='ocrx_word' id='word_1_309' title='bbox 567 2403 787 2448; x_wconf 86' lang='lat' dir='ltr'>potestatem</span> <span class='ocrx_word' id='word_1_310' title='bbox 806 2424 817 2442; x_wconf 93' lang='lat'>,</span> <span class='ocrx_word' id='word_1_311' title='bbox 847 2408 924 2447; x_wconf 85' lang='lat' dir='ltr'>qua</span> <span class='ocrx_word' id='word_1_312' title='bbox 953 2407 1105 2447; x_wconf 88' lang='lat' dir='ltr'>semper</span> <span class='ocrx_word' id='word_1_313' title='bbox 1135 2408 1201 2433; x_wconf 81' lang='lat' dir='ltr'>usa</span> 
     </span>
     <span class='ocr_line' id='line_1_44' title="bbox 85 2444 1202 2500; baseline 0.005 -21"><span class='ocrx_word' id='word_1_314' title='bbox 85 2451 159 2492; x_wconf 84' lang='lat' dir='ltr'>est,</span> <span class='ocrx_word' id='word_1_315' title='bbox 204 2444 238 2481; x_wconf 68' lang='lat'>‘8‘</span> <span class='ocrx_word' id='word_1_316' title='bbox 266 2447 348 2484; x_wconf 88' lang='lat' dir='ltr'>sine</span> <span class='ocrx_word' id='word_1_317' title='bbox 375 2462 453 2500; x_wconf 83' lang='lat' dir='ltr'>qua</span> <span class='ocrx_word' id='word_1_318' title='bbox 484 2450 607 2488; x_wconf 84' lang='lat' dir='ltr'>unitas</span> <span class='ocrx_word' id='word_1_319' title='bbox 635 2448 828 2499; x_wconf 78' lang='lat' dir='ltr'>religionis</span> <span class='ocrx_word' id='word_1_320' title='bbox 856 2450 999 2486; x_wconf 78' lang='lat' dir='ltr'>servari</span> <span class='ocrx_word' id='word_1_321' title='bbox 1030 2461 1105 2487; x_wconf 86' lang='lat' dir='ltr'>non</span> <span class='ocrx_word' id='word_1_322' title='bbox 1136 2461 1202 2499; x_wconf 90' lang='lat' dir='ltr'>po-</span> 
     </span>
     <span class='ocr_line' id='line_1_45' title="bbox 87 2498 1203 2554; baseline 0.008 -22"><span class='ocrx_word' id='word_1_323' title='bbox 87 2504 181 2535; x_wconf 77' lang='lat' dir='ltr'>test.</span> <span class='ocrx_word' id='word_1_324' title='bbox 223 2498 282 2537; x_wconf 81' lang='lat' dir='ltr'>Ex</span> <span class='ocrx_word' id='word_1_325' title='bbox 312 2513 389 2552; x_wconf 88' lang='lat' dir='ltr'>quo</span> <span class='ocrx_word' id='word_1_326' title='bbox 418 2511 545 2540; x_wconf 85' lang='lat' dir='ltr'>autem</span> <span class='ocrx_word' id='word_1_327' title='bbox 575 2504 674 2551; x_wconf 86' lang='lat' dir='ltr'>sint,</span> <span class='ocrx_word' id='word_1_328' title='bbox 711 2501 745 2537; x_wconf 74' lang='lat'>8&lt;</span> <span class='ocrx_word' id='word_1_329' title='bbox 775 2515 927 2554; x_wconf 80' lang='lat' dir='ltr'>semper</span> <span class='ocrx_word' id='word_1_330' title='bbox 956 2502 1096 2540; x_wconf 81' lang='lat' dir='ltr'>fuerint</span> <span class='ocrx_word' id='word_1_331' title='bbox 1126 2501 1203 2541; x_wconf 77' lang='lat' dir='ltr'>filii</span> 
     </span>
     <span class='ocr_line' id='line_1_46' title="bbox 86 2549 1202 2608; baseline 0.005 -22"><span class='ocrx_word' id='word_1_332' title='bbox 86 2549 277 2600; x_wconf 83' lang='lat' dir='ltr'>rebelles,</span> <span class='ocrx_word' id='word_1_333' title='bbox 308 2551 342 2588; x_wconf 74' lang='grc' dir='ltr'>ἃ</span> <span class='ocrx_word' id='word_1_334' title='bbox 370 2555 641 2604; x_wconf 82' lang='lat' dir='ltr'>tenebrarum,</span> <span class='ocrx_word' id='word_1_335' title='bbox 685 2556 753 2608; x_wconf 89' lang='lat' dir='ltr'>qui</span> <span class='ocrx_word' id='word_1_336' title='bbox 784 2554 851 2592; x_wconf 79' lang='lat' dir='ltr'>has</span> <span class='ocrx_word' id='word_1_337' title='bbox 881 2556 1055 2593; x_wconf 81' lang='lat' dir='ltr'>veritates</span> <span class='ocrx_word' id='word_1_338' title='bbox 1086 2568 1202 2607; x_wconf 82' lang='lat' dir='ltr'>agno-</span> 
     </span>
     <span class='ocr_line' id='line_1_47' title="bbox 81 2608 1201 2662; baseline 0.006 -22"><span class='ocrx_word' id='word_1_339' title='bbox 81 2616 187 2641; x_wconf 80' lang='lat' dir='ltr'>scere</span> <span class='ocrx_word' id='word_1_340' title='bbox 215 2616 419 2656; x_wconf 87' lang='lat' dir='ltr'>recusant,</span> <span class='ocrx_word' id='word_1_341' title='bbox 450 2621 522 2646; x_wconf 89' lang='lat' dir='ltr'>non</span> <span class='ocrx_word' id='word_1_342' title='bbox 550 2617 748 2661; x_wconf 89' lang='lat' dir='ltr'>propterea</span> <span class='ocrx_word' id='word_1_343' title='bbox 778 2609 824 2647; x_wconf 92' lang='lat' dir='ltr'>de</span> <span class='ocrx_word' id='word_1_344' title='bbox 845 2608 891 2646; x_wconf 83' lang='lat' dir='ltr'>iis</span> <span class='ocrx_word' id='word_1_345' title='bbox 920 2608 1095 2646; x_wconf 85' lang='lat' dir='ltr'>dubitare</span> <span class='ocrx_word' id='word_1_346' title='bbox 1115 2621 1201 2662; x_wconf 88' lang='lat' dir='ltr'>pos-</span> 
     </span>
     <span class='ocr_line' id='line_1_48' title="bbox 81 2661 1200 2716; baseline 0.007 -23"><span class='ocrx_word' id='word_1_347' title='bbox 81 2666 236 2707; x_wconf 85' lang='lat' dir='ltr'>sumus,</span> <span class='ocrx_word' id='word_1_348' title='bbox 266 2669 330 2699; x_wconf 85' lang='lat' dir='ltr'>aut</span> <span class='ocrx_word' id='word_1_349' title='bbox 359 2671 562 2711; x_wconf 85' lang='lat' dir='ltr'>excusare,</span> <span class='ocrx_word' id='word_1_350' title='bbox 592 2664 659 2716; x_wconf 83' lang='lat' dir='ltr'>qui</span> <span class='ocrx_word' id='word_1_351' title='bbox 690 2676 766 2701; x_wconf 87' lang='lat' dir='ltr'>non</span> <span class='ocrx_word' id='word_1_352' title='bbox 796 2661 983 2708; x_wconf 83' lang='lat' dir='ltr'>credunt3</span> <span class='ocrx_word' id='word_1_353' title='bbox 1015 2663 1112 2700; x_wconf 88' lang='lat' dir='ltr'>sicut</span> <span class='ocrx_word' id='word_1_354' title='bbox 1142 2663 1200 2701; x_wconf 91' lang='lat' dir='ltr'>in-</span> 
     </span>
     <span class='ocr_line' id='line_1_49' title="bbox 83 2712 1197 2768; baseline 0.006 -21"><span class='ocrx_word' id='word_1_355' title='bbox 83 2712 320 2753; x_wconf 78' lang='lat' dir='ltr'>excusabiles</span> <span class='ocrx_word' id='word_1_356' title='bbox 358 2725 469 2755; x_wconf 82' lang='lat' dir='ltr'>eraut</span> <span class='ocrx_word' id='word_1_357' title='bbox 509 2715 697 2755; x_wconf 74' lang='lat' dir='ltr'>obcaecati</span> <span class='ocrx_word' id='word_1_358' title='bbox 742 2715 953 2765; x_wconf 83' lang='lat' dir='ltr'>Pharisaei,</span> <span class='ocrx_word' id='word_1_359' title='bbox 996 2717 1065 2768; x_wconf 88' lang='lat' dir='ltr'>qui</span> <span class='ocrx_word' id='word_1_360' title='bbox 1107 2714 1197 2755; x_wconf 85' lang='lat' dir='ltr'>Jesu</span> 
     </span>
     <span class='ocr_line' id='line_1_50' title="bbox 82 2762 954 2809; baseline 0.008 -8"><span class='ocrx_word' id='word_1_361' title='bbox 82 2762 221 2804; x_wconf 84' lang='lat' dir='ltr'>Christi</span> <span class='ocrx_word' id='word_1_362' title='bbox 250 2769 510 2809; x_wconf 87' lang='lat' dir='ltr'>testimonium</span> <span class='ocrx_word' id='word_1_363' title='bbox 539 2771 673 2809; x_wconf 81' lang='lat' dir='ltr'>audire</span> <span class='ocrx_word' id='word_1_364' title='bbox 702 2770 954 2808; x_wconf 83' lang='lat' dir='ltr'>recusabant.</span> 
     </span>
    </p>

    <p class='ocr_par' dir='ltr' id='par_1_6' title="bbox 80 2818 1199 3410">
     <span class='ocr_line' id='line_1_51' title="bbox 139 2818 1196 2876; baseline 0.006 -20"><span class='ocrx_word' id='word_1_365' title='bbox 139 2818 204 2866; x_wconf 72' lang='lat'>24.</span> <span class='ocrx_word' id='word_1_366' title='bbox 235 2819 338 2860; x_wconf 82' lang='lat' dir='ltr'>Idem</span> <span class='ocrx_word' id='word_1_367' title='bbox 366 2823 575 2863; x_wconf 83' lang='lat' dir='ltr'>dicendum</span> <span class='ocrx_word' id='word_1_368' title='bbox 604 2833 658 2863; x_wconf 87' lang='lat' dir='ltr'>est</span> <span class='ocrx_word' id='word_1_369' title='bbox 686 2824 732 2862; x_wconf 90' lang='lat' dir='ltr'>de</span> <span class='ocrx_word' id='word_1_370' title='bbox 763 2823 953 2876; x_wconf 77' lang='lat' dir='ltr'>Apostolis</span> <span class='ocrx_word' id='word_1_371' title='bbox 971 2851 980 2861; x_wconf 86' lang='lat'><strong>.</strong></span> <span class='ocrx_word' id='word_1_372' title='bbox 1018 2823 1196 2862; x_wconf 88' lang='lat' dir='ltr'>Ceterum</span> 
     </span>
     <span class='ocr_line' id='line_1_52' title="bbox 81 2874 1199 2930; baseline 0.009 -23"><span class='ocrx_word' id='word_1_373' title='bbox 81 2877 161 2910; x_wconf 73' lang='lat' dir='ltr'>tam</span> <span class='ocrx_word' id='word_1_374' title='bbox 190 2874 287 2927; x_wconf 85' lang='lat' dir='ltr'>ipsi,</span> <span class='ocrx_word' id='word_1_375' title='bbox 315 2890 434 2929; x_wconf 87' lang='lat' dir='ltr'>quam</span> <span class='ocrx_word' id='word_1_376' title='bbox 464 2891 597 2916; x_wconf 89' lang='lat' dir='ltr'>eorum</span> <span class='ocrx_word' id='word_1_377' title='bbox 627 2877 887 2918; x_wconf 65' lang='lat' dir='ltr'>sanstissimus</span> <span class='ocrx_word' id='word_1_378' title='bbox 916 2877 1099 2930; x_wconf 78' lang='lat' dir='ltr'>Magister</span> <span class='ocrx_word' id='word_1_379' title='bbox 1117 2908 1127 2926; x_wconf 91' lang='lat'>,</span> <span class='ocrx_word' id='word_1_380' title='bbox 1155 2893 1199 2917; x_wconf 84' lang='lat' dir='ltr'>a-</span> 
     </span>
     <span class='ocr_line' id='line_1_53' title="bbox 83 2922 1198 2986; baseline 0.008 -24"><span class='ocrx_word' id='word_1_381' title='bbox 83 2922 170 2979; x_wconf 73' lang='lat' dir='ltr'>liter</span> <span class='ocrx_word' id='word_1_382' title='bbox 197 2940 236 2965; x_wconf 87' lang='lat' dir='ltr'>se</span> <span class='ocrx_word' id='word_1_383' title='bbox 261 2930 443 2980; x_wconf 82' lang='lat' dir='ltr'>gerebant</span> <span class='ocrx_word' id='word_1_384' title='bbox 471 2945 561 2970; x_wconf 89' lang='lat' dir='ltr'>cum</span> <span class='ocrx_word' id='word_1_385' title='bbox 591 2933 666 2981; x_wconf 87' lang='lat' dir='ltr'>iis,</span> <span class='ocrx_word' id='word_1_386' title='bbox 702 2934 771 2986; x_wconf 87' lang='lat' dir='ltr'>qui</span> <span class='ocrx_word' id='word_1_387' title='bbox 802 2933 945 2971; x_wconf 85' lang='lat' dir='ltr'>divinae</span> <span class='ocrx_word' id='word_1_388' title='bbox 978 2930 1198 2971; x_wconf 79' lang='lat' dir='ltr'>revelationi</span> 
     </span>
     <span class='ocr_line' id='line_1_54' title="bbox 80 2984 1198 3035; baseline 0.007 -20"><span class='ocrx_word' id='word_1_389' title='bbox 80 2990 165 3029; x_wconf 71' lang='lat' dir='ltr'>jam</span> <span class='ocrx_word' id='word_1_390' title='bbox 195 2994 306 3020; x_wconf 84' lang='lat' dir='ltr'>aures</span> <span class='ocrx_word' id='word_1_391' title='bbox 333 2984 606 3035; x_wconf 71' lang='lat' dir='ltr'>praebuerant.</span> <span class='ocrx_word' id='word_1_392' title='bbox 649 2986 751 3025; x_wconf 84' lang='lat' dir='ltr'>Nam</span> <span class='ocrx_word' id='word_1_393' title='bbox 780 2986 915 3025; x_wconf 83' lang='lat' dir='ltr'>Joann.</span> <span class='ocrx_word' id='word_1_394' title='bbox 938 2985 1040 3025; x_wconf 85' lang='lat' dir='ltr'>VIII.</span> <span class='ocrx_word' id='word_1_395' title='bbox 1072 2986 1109 3025; x_wconf 78' lang='lat'>5.</span> <span class='ocrx_word' id='word_1_396' title='bbox 1139 2985 1198 3023; x_wconf 83' lang='lat' dir='ltr'>cli-</span> 
     </span>
     <span class='ocr_line' id='line_1_55' title="bbox 82 3031 1195 3092; baseline 0.009 -23"><span class='ocrx_word' id='word_1_397' title='bbox 82 3031 200 3071; x_wconf 81' lang='lat' dir='ltr'>cebat</span> <span class='ocrx_word' id='word_1_398' title='bbox 219 3034 334 3074; x_wconf 81' lang='lat' dir='ltr'>Jesus</span> <span class='ocrx_word' id='word_1_399' title='bbox 353 3036 410 3075; x_wconf 77' lang='lat' dir='ltr'>ad</span> <span class='ocrx_word' id='word_1_400' title='bbox 429 3051 496 3078; x_wconf 85' lang='lat' dir='ltr'>eos</span> <span class='ocrx_word' id='word_1_401' title='bbox 513 3069 523 3087; x_wconf 93' lang='lat'>‚</span> <span class='ocrx_word' id='word_1_402' title='bbox 552 3042 617 3092; x_wconf 83' lang='lat' dir='ltr'>qui</span> <span class='ocrx_word' id='word_1_403' title='bbox 646 3040 902 3091; x_wconf 75' lang='lat' dir='ltr'>crediderunt</span> <span class='ocrx_word' id='word_1_404' title='bbox 917 3044 953 3080; x_wconf 86' lang='lat' dir='ltr'>ei</span> <span class='ocrx_word' id='word_1_405' title='bbox 968 3071 980 3089; x_wconf 90' lang='lat'>,</span> <span class='ocrx_word' id='word_1_406' title='bbox 1007 3039 1195 3079; x_wconf 65' lang='lat' dir='ltr'>Juttaeos:</span> 
     </span>
     <span class='ocr_line' id='line_1_56' title="bbox 84 3089 1196 3143; baseline 0.009 -20"><span class='ocrx_word' id='word_1_407' title='bbox 84 3089 118 3123; x_wconf 73' lang='grc' dir='ltr'>εἰ</span> <span class='ocrx_word' id='word_1_408' title='bbox 145 3100 210 3126; x_wconf 75' lang='grc' dir='ltr'>νος</span> <span class='ocrx_word' id='word_1_409' title='bbox 239 3095 473 3130; x_wconf 80' lang='lat' dir='ltr'>manseritis</span> <span class='ocrx_word' id='word_1_410' title='bbox 500 3096 543 3130; x_wconf 87' lang='lat' dir='ltr'>in</span> <span class='ocrx_word' id='word_1_411' title='bbox 582 3107 768 3133; x_wconf 83' lang='lat' dir='ltr'>sermone</span> <span class='ocrx_word' id='word_1_412' title='bbox 796 3108 913 3143; x_wconf 89' lang='lat' dir='ltr'>meo,</span> <span class='ocrx_word' id='word_1_413' title='bbox 961 3108 1047 3134; x_wconf 67' lang='lat' dir='ltr'>vere</span> <span class='ocrx_word' id='word_1_414' title='bbox 1076 3094 1196 3133; x_wconf 77' lang='lat' dir='ltr'>disci-</span> 
     </span>
     <span class='ocr_line' id='line_1_57' title="bbox 84 3140 1198 3199; baseline 0.01 -23"><span class='ocrx_word' id='word_1_415' title='bbox 84 3140 165 3189; x_wconf 81' lang='lat' dir='ltr'>pult</span> <span class='ocrx_word' id='word_1_416' title='bbox 189 3149 274 3182; x_wconf 80' lang='lat' dir='ltr'>met</span> <span class='ocrx_word' id='word_1_417' title='bbox 303 3149 438 3195; x_wconf 81' lang='lat' dir='ltr'>eritis,</span> <span class='ocrx_word' id='word_1_418' title='bbox 467 3145 777 3199; x_wconf 74' lang='lat' dir='ltr'>&amp;cognoscetis</span> <span class='ocrx_word' id='word_1_419' title='bbox 806 3153 1037 3197; x_wconf 63' lang='lat' dir='ltr'>ceritatem,</span> <span class='ocrx_word' id='word_1_420' title='bbox 1065 3149 1115 3191; x_wconf 72' lang='lat'>&lt;9¹</span> <span class='ocrx_word' id='word_1_421' title='bbox 1136 3162 1198 3187; x_wconf 70' lang='lat' dir='ltr'>re-</span> 
     </span>
     <span class='ocr_line' id='line_1_58' title="bbox 81 3196 1198 3255; baseline 0.01 -26"><span class='ocrx_word' id='word_1_422' title='bbox 81 3196 187 3231; x_wconf 81' lang='lat' dir='ltr'>ritas</span> <span class='ocrx_word' id='word_1_423' title='bbox 225 3197 405 3237; x_wconf 79' lang='lat' dir='ltr'>liberabit</span> <span class='ocrx_word' id='word_1_424' title='bbox 447 3213 539 3239; x_wconf 64' lang='lat' dir='ltr'>ros.</span> <span class='ocrx_word' id='word_1_425' title='bbox 583 3201 695 3240; x_wconf 88' lang='lat' dir='ltr'>Unde</span> <span class='ocrx_word' id='word_1_426' title='bbox 735 3202 865 3242; x_wconf 69' lang='lat' dir='ltr'>Sanst.</span> <span class='ocrx_word' id='word_1_427' title='bbox 895 3204 1128 3255; x_wconf 80' lang='lat' dir='ltr'>Augustinus</span> <span class='ocrx_word' id='word_1_428' title='bbox 1157 3204 1198 3241; x_wconf 88' lang='lat' dir='ltr'>in</span> 
     </span>
     <span class='ocr_line' id='line_1_59' title="bbox 82 3245 1196 3311; baseline 0.006 -23"><span class='ocrx_word' id='word_1_429' title='bbox 82 3245 176 3286; x_wconf 81' lang='lat' dir='ltr'>Lib·</span> <span class='ocrx_word' id='word_1_430' title='bbox 205 3249 253 3288; x_wconf 71' lang='lat' dir='ltr'>de</span> <span class='ocrx_word' id='word_1_431' title='bbox 280 3253 452 3293; x_wconf 84' lang='lat' dir='ltr'>utilitate</span> <span class='ocrx_word' id='word_1_432' title='bbox 480 3253 670 3293; x_wconf 77' lang='lat' dir='ltr'>credendi</span> <span class='ocrx_word' id='word_1_433' title='bbox 690 3268 776 3308; x_wconf 79' lang='lat' dir='ltr'>cap.</span> <span class='ocrx_word' id='word_1_434' title='bbox 803 3257 864 3303; x_wconf 73' lang='lat'>¹4·</span> <span class='ocrx_word' id='word_1_435' title='bbox 894 3259 1136 3311; x_wconf 84' lang='lat' dir='ltr'>potissimum</span> <span class='ocrx_word' id='word_1_436' title='bbox 1156 3271 1196 3294; x_wconf 89' lang='lat' dir='ltr'>e-</span> 
     </span>
     <span class='ocr_line' id='line_1_60' title="bbox 83 3302 1196 3364; baseline 0.008 -25"><span class='ocrx_word' id='word_1_437' title='bbox 83 3302 242 3353; x_wconf 85' lang='lat' dir='ltr'>xemplo</span> <span class='ocrx_word' id='word_1_438' title='bbox 268 3304 408 3347; x_wconf 79' lang='lat' dir='ltr'>Christi</span> <span class='ocrx_word' id='word_1_439' title='bbox 452 3310 504 3347; x_wconf 86' lang='lat' dir='ltr'>ita</span> <span class='ocrx_word' id='word_1_440' title='bbox 549 3309 770 3348; x_wconf 86' lang='lat' dir='ltr'>revincebat</span> <span class='ocrx_word' id='word_1_441' title='bbox 806 3310 1071 3351; x_wconf 81' lang='lat' dir='ltr'>Manichaeos:</span> <span class='ocrx_word' id='word_1_442' title='bbox 1102 3310 1196 3364; x_wconf 77' lang='lat' dir='ltr'>fide</span> 
     </span>
     <span class='ocr_line' id='line_1_61' title="bbox 83 3353 1194 3410; baseline 0.003 -10"><span class='ocrx_word' id='word_1_443' title='bbox 83 3353 149 3394; x_wconf 60' lang='lat' dir='ltr'>file</span> <span class='ocrx_word' id='word_1_444' title='bbox 175 3353 372 3407; x_wconf 55' lang='lat' dir='ltr'>ducebam</span> <span class='ocrx_word' id='word_1_445' title='bbox 416 3374 481 3404; x_wconf 68' lang='lat' dir='ltr'>ros</span> <span class='ocrx_word' id='word_1_446' title='bbox 508 3366 664 3403; x_wconf 81' lang='lat' dir='ltr'>ratione</span> <span class='ocrx_word' id='word_1_447' title='bbox 706 3362 845 3403; x_wconf 80' lang='lat' dir='ltr'>ducitis</span> <span class='ocrx_word' id='word_1_448' title='bbox 855 3380 872 3410; x_wconf 77' lang='lat'>,-</span> <span class='ocrx_word' id='word_1_449' title='bbox 913 3364 1120 3405; x_wconf 68' lang='lat' dir='ltr'>clamabat</span> <span class='ocrx_word' id='word_1_450' title='bbox 1148 3366 1194 3404; x_wconf 79' lang='lat' dir='ltr'>il-</span> 
     </span>
    </p>
   </div>
   <div class='ocr_carea' id='block_1_3' title="bbox 2240 115 2327 162">
    <p class='ocr_par' dir='ltr' id='par_1_7' title="bbox 2240 115 2327 162">
     <span class='ocr_line' id='line_1_62' title="bbox 2240 115 2327 162; baseline 0.023 -2"><span class='ocrx_word' id='word_1_451' title='bbox 2240 115 2327 162; x_wconf 70' lang='lat'>”155</span> 
     </span>
    </p>
   </div>
   <div class='ocr_carea' id='block_1_4' title="bbox 1262 195 2402 3359">
    <p class='ocr_par' dir='ltr' id='par_1_8' title="bbox 1279 195 2392 301">
     <span class='ocr_line' id='line_1_63' title="bbox 1279 195 2392 244; baseline 0.004 -11"><span class='ocrx_word' id='word_1_452' title='bbox 1279 196 1342 244; x_wconf 88' lang='lat' dir='ltr'>le,</span> <span class='ocrx_word' id='word_1_453' title='bbox 1390 203 1432 232; x_wconf 84' lang='lat' dir='ltr'>ut</span> <span class='ocrx_word' id='word_1_454' title='bbox 1474 195 1723 244; x_wconf 72' lang='lat' dir='ltr'>crederetur,</span> <span class='ocrx_word' id='word_1_455' title='bbox 1765 207 1830 234; x_wconf 62' lang='lat' dir='ltr'>vos</span> <span class='ocrx_word' id='word_1_456' title='bbox 1872 196 2146 237; x_wconf 78' lang='lat' dir='ltr'>reclamatis:</span> <span class='ocrx_word' id='word_1_457' title='bbox 2195 197 2392 237; x_wconf 77' lang='lat' dir='ltr'>laudabat</span> 
     </span>
     <span class='ocr_line' id='line_1_64' title="bbox 1279 248 1985 301; baseline 0 -12"><span class='ocrx_word' id='word_1_458' title='bbox 1279 249 1486 289; x_wconf 70' lang='lat' dir='ltr'>credentes</span> <span class='ocrx_word' id='word_1_459' title='bbox 1517 250 1581 287; x_wconf 78' lang='lat' dir='ltr'>ille</span> <span class='ocrx_word' id='word_1_460' title='bbox 1601 264 1616 294; x_wconf 78' lang='grc'>,-</span> <span class='ocrx_word' id='word_1_461' title='bbox 1647 262 1712 287; x_wconf 71' lang='grc' dir='ltr'>νος</span> <span class='ocrx_word' id='word_1_462' title='bbox 1742 248 1985 301; x_wconf 67' lang='lat' dir='ltr'>objurgatis.</span> 
     </span>
    </p>

    <p class='ocr_par' dir='ltr' id='par_1_9' title="bbox 1280 304 2402 720">
     <span class='ocr_line' id='line_1_65' title="bbox 1336 304 2398 356; baseline 0.002 -14"><span class='ocrx_word' id='word_1_463' title='bbox 1336 306 1400 342; x_wconf 74' lang='lat'>25.</span> <span class='ocrx_word' id='word_1_464' title='bbox 1431 304 1472 342; x_wconf 85' lang='lat' dir='ltr'>Id</span> <span class='ocrx_word' id='word_1_465' title='bbox 1502 305 1629 356; x_wconf 87' lang='lat' dir='ltr'>ipsum</span> <span class='ocrx_word' id='word_1_466' title='bbox 1659 305 1914 356; x_wconf 64' lang='lat' dir='ltr'>praestiterunt</span> <span class='ocrx_word' id='word_1_467' title='bbox 1943 305 2137 355; x_wconf 81' lang='lat' dir='ltr'>Apostoli.</span> <span class='ocrx_word' id='word_1_468' title='bbox 2176 306 2398 347; x_wconf 65' lang='lat' dir='ltr'>Judaeose-</span> 
     </span>
     <span class='ocr_line' id='line_1_66' title="bbox 1280 355 2395 412; baseline 0.003 -16"><span class='ocrx_word' id='word_1_469' title='bbox 1280 360 1363 396; x_wconf 85' lang='lat' dir='ltr'>nim</span> <span class='ocrx_word' id='word_1_470' title='bbox 1381 388 1391 406; x_wconf 93' lang='lat'>,</span> <span class='ocrx_word' id='word_1_471' title='bbox 1422 372 1466 396; x_wconf 82' lang='lat' dir='ltr'>ac</span> <span class='ocrx_word' id='word_1_472' title='bbox 1487 356 1659 396; x_wconf 70' lang='lat' dir='ltr'>Gentiles</span> <span class='ocrx_word' id='word_1_473' title='bbox 1687 355 1902 394; x_wconf 83' lang='lat' dir='ltr'>incredulos</span> <span class='ocrx_word' id='word_1_474' title='bbox 1932 359 2151 407; x_wconf 80' lang='lat' dir='ltr'>miraculis,</span> <span class='ocrx_word' id='word_1_475' title='bbox 2182 359 2395 412; x_wconf 70' lang='lat' dir='ltr'>prophetiis</span> 
     </span>
     <span class='ocr_line' id='line_1_67' title="bbox 1280 409 2399 466; baseline 0.002 -17"><span class='ocrx_word' id='word_1_476' title='bbox 1280 422 1397 450; x_wconf 79' lang='lat' dir='ltr'>veter.</span> <span class='ocrx_word' id='word_1_477' title='bbox 1428 420 1574 450; x_wconf 83' lang='lat' dir='ltr'>testam.</span> <span class='ocrx_word' id='word_1_478' title='bbox 1593 441 1603 459; x_wconf 92' lang='lat'>,</span> <span class='ocrx_word' id='word_1_479' title='bbox 1632 411 1817 463; x_wconf 84' lang='lat' dir='ltr'>omnique</span> <span class='ocrx_word' id='word_1_480' title='bbox 1846 409 1924 448; x_wconf 81' lang='lat' dir='ltr'>aiio</span> <span class='ocrx_word' id='word_1_481' title='bbox 1943 422 2257 462; x_wconf 78' lang='lat' dir='ltr'>argumentorum</span> <span class='ocrx_word' id='word_1_482' title='bbox 2285 427 2399 466; x_wconf 79' lang='lat' dir='ltr'>geue-</span> 
     </span>
     <span class='ocr_line' id='line_1_68' title="bbox 1282 464 2400 519; baseline 0.004 -18"><span class='ocrx_word' id='word_1_483' title='bbox 1282 480 1321 502; x_wconf 86' lang='lat' dir='ltr'>re</span> <span class='ocrx_word' id='word_1_484' title='bbox 1369 466 1415 503; x_wconf 83' lang='lat' dir='ltr'>ad</span> <span class='ocrx_word' id='word_1_485' title='bbox 1459 480 1589 504; x_wconf 83' lang='lat' dir='ltr'>veram</span> <span class='ocrx_word' id='word_1_486' title='bbox 1623 464 1860 517; x_wconf 76' lang='lat' dir='ltr'>Religionem</span> <span class='ocrx_word' id='word_1_487' title='bbox 1903 464 2112 517; x_wconf 86' lang='lat' dir='ltr'>perducere</span> <span class='ocrx_word' id='word_1_488' title='bbox 2154 467 2400 519; x_wconf 81' lang='lat' dir='ltr'>satagebant.</span> 
     </span>
     <span class='ocr_line' id='line_1_69' title="bbox 1281 517 2398 572; baseline 0.004 -16"><span class='ocrx_word' id='word_1_489' title='bbox 1281 518 1486 572; x_wconf 77' lang='lat' dir='ltr'>Postquam</span> <span class='ocrx_word' id='word_1_490' title='bbox 1517 529 1646 557; x_wconf 83' lang='lat' dir='ltr'>autem</span> <span class='ocrx_word' id='word_1_491' title='bbox 1677 520 1711 557; x_wconf 90' lang='lat' dir='ltr'>ei</span> <span class='ocrx_word' id='word_1_492' title='bbox 1742 530 1881 557; x_wconf 85' lang='lat' dir='ltr'>nomen</span> <span class='ocrx_word' id='word_1_493' title='bbox 1923 517 2004 570; x_wconf 82' lang='lat' dir='ltr'>jam</span> <span class='ocrx_word' id='word_1_494' title='bbox 2048 518 2263 567; x_wconf 78' lang='lat' dir='ltr'>dedissent,</span> <span class='ocrx_word' id='word_1_495' title='bbox 2306 530 2398 560; x_wconf 82' lang='lat' dir='ltr'>tuuc</span> 
     </span>
     <span class='ocr_line' id='line_1_70' title="bbox 1280 571 2402 625; baseline 0.002 -14"><span class='ocrx_word' id='word_1_496' title='bbox 1280 586 1355 611; x_wconf 88' lang='lat' dir='ltr'>non</span> <span class='ocrx_word' id='word_1_497' title='bbox 1385 572 1555 625; x_wconf 83' lang='lat' dir='ltr'>amplius</span> <span class='ocrx_word' id='word_1_498' title='bbox 1582 586 1672 611; x_wconf 89' lang='lat' dir='ltr'>cum</span> <span class='ocrx_word' id='word_1_499' title='bbox 1715 572 1808 624; x_wconf 88' lang='lat' dir='ltr'>ipsis</span> <span class='ocrx_word' id='word_1_500' title='bbox 1836 571 2123 625; x_wconf 83' lang='lat' dir='ltr'>disceptabant,</span> <span class='ocrx_word' id='word_1_501' title='bbox 2173 573 2234 610; x_wconf 86' lang='lat' dir='ltr'>sed</span> <span class='ocrx_word' id='word_1_502' title='bbox 2278 576 2402 624; x_wconf 83' lang='lat' dir='ltr'>potius</span> 
     </span>
     <span class='ocr_line' id='line_1_71' title="bbox 1281 625 2401 678; baseline 0.002 -16"><span class='ocrx_word' id='word_1_503' title='bbox 1281 628 1558 678; x_wconf 71' lang='lat' dir='ltr'>praecipiebant</span> <span class='ocrx_word' id='word_1_504' title='bbox 1579 628 1765 665; x_wconf 86' lang='lat' dir='ltr'>dicentes:</span> <span class='ocrx_word' id='word_1_505' title='bbox 1795 628 1919 663; x_wconf 77' lang='lat' dir='ltr'>visum</span> <span class='ocrx_word' id='word_1_506' title='bbox 1949 634 2008 664; x_wconf 83' lang='lat' dir='ltr'>esc</span> <span class='ocrx_word' id='word_1_507' title='bbox 2037 625 2201 677; x_wconf 80' lang='lat' dir='ltr'>Spiritui</span> <span class='ocrx_word' id='word_1_508' title='bbox 2230 625 2401 678; x_wconf 73' lang='lat' dir='ltr'>SanHo,</span> 
     </span>
     <span class='ocr_line' id='line_1_72' title="bbox 1281 679 1944 720; baseline 0.002 -1"><span class='ocrx_word' id='word_1_509' title='bbox 1281 681 1331 719; x_wconf 60' lang='grc' dir='ltr'>(Ψ</span> <span class='ocrx_word' id='word_1_510' title='bbox 1363 680 1472 718; x_wconf 75' lang='lat' dir='ltr'>nobis</span> <span class='ocrx_word' id='word_1_511' title='bbox 1503 680 1576 718; x_wconf 72' lang='grc' dir='ltr'>ἃς.</span> <span class='ocrx_word' id='word_1_512' title='bbox 1606 680 1733 720; x_wconf 68' lang='grc' dir='ltr'>Αᾶοτ.</span> <span class='ocrx_word' id='word_1_513' title='bbox 1754 679 1846 719; x_wconf 87' lang='lat' dir='ltr'>XV.</span> <span class='ocrx_word' id='word_1_514' title='bbox 1879 679 1944 719; x_wconf 80' lang='lat'>28·</span> 
     </span>
    </p>

    <p class='ocr_par' dir='ltr' id='par_1_10' title="bbox 1277 733 2401 1263">
     <span class='ocr_line' id='line_1_73' title="bbox 1338 733 2401 785; baseline 0.003 -16"><span class='ocrx_word' id='word_1_515' title='bbox 1338 733 1401 770; x_wconf 68' lang='lat'>26.</span> <span class='ocrx_word' id='word_1_516' title='bbox 1431 735 1544 778; x_wconf 81' lang='lat' dir='ltr'>Quod</span> <span class='ocrx_word' id='word_1_517' title='bbox 1574 743 1700 773; x_wconf 85' lang='lat' dir='ltr'>autem</span> <span class='ocrx_word' id='word_1_518' title='bbox 1729 733 1925 784; x_wconf 64' lang='lat' dir='ltr'>objcetum</span> <span class='ocrx_word' id='word_1_519' title='bbox 1947 735 2020 772; x_wconf 78' lang='lat' dir='ltr'>fuit</span> <span class='ocrx_word' id='word_1_520' title='bbox 2050 733 2095 772; x_wconf 89' lang='lat' dir='ltr'>de</span> <span class='ocrx_word' id='word_1_521' title='bbox 2115 733 2401 785; x_wconf 85' lang='lat' dir='ltr'>Beroensibus,</span> 
     </span>
     <span class='ocr_line' id='line_1_74' title="bbox 1280 786 2400 839; baseline 0.004 -18"><span class='ocrx_word' id='word_1_522' title='bbox 1280 786 1333 822; x_wconf 75' lang='lat' dir='ltr'>ita</span> <span class='ocrx_word' id='word_1_523' title='bbox 1363 786 1578 838; x_wconf 74' lang='lat' dir='ltr'>explicatur</span> <span class='ocrx_word' id='word_1_524' title='bbox 1608 803 1628 826; x_wconf 89' lang='lat' dir='ltr'>a</span> <span class='ocrx_word' id='word_1_525' title='bbox 1651 789 1825 827; x_wconf 80' lang='lat' dir='ltr'>Bossueto</span> <span class='ocrx_word' id='word_1_526' title='bbox 1848 790 1862 839; x_wconf 92' lang='lat'>(</span> <span class='ocrx_word' id='word_1_527' title='bbox 1884 790 1923 826; x_wconf 92' lang='lat' dir='ltr'>in</span> <span class='ocrx_word' id='word_1_528' title='bbox 1952 788 2146 839; x_wconf 81' lang='lat' dir='ltr'>colloquio</span> <span class='ocrx_word' id='word_1_529' title='bbox 2175 801 2264 826; x_wconf 90' lang='lat' dir='ltr'>cum</span> <span class='ocrx_word' id='word_1_530' title='bbox 2281 787 2400 826; x_wconf 86' lang='lat' dir='ltr'>Clau-</span> 
     </span>
     <span class='ocr_line' id='line_1_75' title="bbox 1280 838 2399 891; baseline 0.005 -17"><span class='ocrx_word' id='word_1_531' title='bbox 1280 838 1389 887; x_wconf 87' lang='lat' dir='ltr'>dio)</span> <span class='ocrx_word' id='word_1_532' title='bbox 1430 849 1470 879; x_wconf 91' lang='lat' dir='ltr'>ut</span> <span class='ocrx_word' id='word_1_533' title='bbox 1517 850 1608 879; x_wconf 87' lang='lat' dir='ltr'>tunc</span> <span class='ocrx_word' id='word_1_534' title='bbox 1654 841 1906 881; x_wconf 84' lang='lat' dir='ltr'>Beroensibus</span> <span class='ocrx_word' id='word_1_535' title='bbox 1949 842 2103 880; x_wconf 88' lang='lat' dir='ltr'>licuerit</span> <span class='ocrx_word' id='word_1_536' title='bbox 2145 843 2399 891; x_wconf 81' lang='lat' dir='ltr'>examinare,</span> 
     </span>
     <span class='ocr_line' id='line_1_76' title="bbox 1279 892 2400 943; baseline 0.005 -15"><span class='ocrx_word' id='word_1_537' title='bbox 1279 892 1649 943; x_wconf 65' lang='lat' dir='ltr'>quando⁴Ecclesiae</span> <span class='ocrx_word' id='word_1_538' title='bbox 1681 895 1897 934; x_wconf 69' lang='lat' dir='ltr'>austoritati</span> <span class='ocrx_word' id='word_1_539' title='bbox 1935 896 2104 934; x_wconf 88' lang='lat' dir='ltr'>nondum</span> <span class='ocrx_word' id='word_1_540' title='bbox 2134 894 2280 935; x_wconf 80' lang='lat' dir='ltr'>collum</span> <span class='ocrx_word' id='word_1_541' title='bbox 2309 896 2400 934; x_wconf 86' lang='lat' dir='ltr'>sub-</span> 
     </span>
     <span class='ocr_line' id='line_1_77' title="bbox 1279 946 2400 1002; baseline 0.007 -22"><span class='ocrx_word' id='word_1_542' title='bbox 1279 946 1490 984; x_wconf 81' lang='lat' dir='ltr'>miserant.</span> <span class='ocrx_word' id='word_1_543' title='bbox 1534 946 1803 997; x_wconf 76' lang='lat' dir='ltr'>Susceperam</span> <span class='ocrx_word' id='word_1_544' title='bbox 1842 950 2001 1002; x_wconf 88' lang='lat' dir='ltr'>quidem</span> <span class='ocrx_word' id='word_1_545' title='bbox 2042 948 2200 988; x_wconf 74' lang='lat' dir='ltr'>verbum</span> <span class='ocrx_word' id='word_1_546' title='bbox 2230 963 2323 987; x_wconf 85' lang='lat' dir='ltr'>cum</span> <span class='ocrx_word' id='word_1_547' title='bbox 2354 963 2400 988; x_wconf 87' lang='lat' dir='ltr'>a·</span> 
     </span>
     <span class='ocr_line' id='line_1_78' title="bbox 1279 997 2398 1056; baseline 0.006 -21"><span class='ocrx_word' id='word_1_548' title='bbox 1279 997 1465 1047; x_wconf 70' lang='lat' dir='ltr'>viditate,</span> <span class='ocrx_word' id='word_1_549' title='bbox 1497 1000 1591 1038; x_wconf 84' lang='lat' dir='ltr'>idest</span> <span class='ocrx_word' id='word_1_550' title='bbox 1621 1001 1784 1040; x_wconf 80' lang='lat' dir='ltr'>libenter</span> <span class='ocrx_word' id='word_1_551' title='bbox 1813 1004 2036 1052; x_wconf 81' lang='lat' dir='ltr'>audierant,</span> <span class='ocrx_word' id='word_1_552' title='bbox 2080 1018 2169 1056; x_wconf 84' lang='lat' dir='ltr'>quae</span> <span class='ocrx_word' id='word_1_553' title='bbox 2200 1018 2221 1041; x_wconf 87' lang='lat' dir='ltr'>a</span> <span class='ocrx_word' id='word_1_554' title='bbox 2250 1002 2398 1052; x_wconf 87' lang='lat' dir='ltr'>Paulo,</span> 
     </span>
     <span class='ocr_line' id='line_1_79' title="bbox 1278 1051 2398 1110; baseline 0.007 -22"><span class='ocrx_word' id='word_1_555' title='bbox 1278 1051 1313 1088; x_wconf 75' lang='lat'>8&lt;</span> <span class='ocrx_word' id='word_1_556' title='bbox 1342 1051 1424 1090; x_wconf 81' lang='lat' dir='ltr'>Sila</span> <span class='ocrx_word' id='word_1_557' title='bbox 1469 1054 1804 1103; x_wconf 69' lang='lat' dir='ltr'>praedicabantur:</span> <span class='ocrx_word' id='word_1_558' title='bbox 1849 1056 2020 1094; x_wconf 84' lang='lat' dir='ltr'>nondum</span> <span class='ocrx_word' id='word_1_559' title='bbox 2063 1066 2188 1095; x_wconf 86' lang='lat' dir='ltr'>tamen</span> <span class='ocrx_word' id='word_1_560' title='bbox 2217 1071 2262 1096; x_wconf 82' lang='lat' dir='ltr'>ea</span> <span class='ocrx_word' id='word_1_561' title='bbox 2290 1058 2398 1110; x_wconf 88' lang='lat' dir='ltr'>peni-</span> 
     </span>
     <span class='ocr_line' id='line_1_80' title="bbox 1278 1106 2397 1162; baseline 0.007 -21"><span class='ocrx_word' id='word_1_562' title='bbox 1278 1114 1336 1142; x_wconf 87' lang='lat' dir='ltr'>tus</span> <span class='ocrx_word' id='word_1_563' title='bbox 1366 1106 1599 1156; x_wconf 84' lang='lat' dir='ltr'>credebant,</span> <span class='ocrx_word' id='word_1_564' title='bbox 1649 1108 1713 1145; x_wconf 87' lang='lat' dir='ltr'>sed</span> <span class='ocrx_word' id='word_1_565' title='bbox 1755 1108 2023 1148; x_wconf 78' lang='lat' dir='ltr'>scrutabantur</span> <span class='ocrx_word' id='word_1_566' title='bbox 2060 1109 2304 1162; x_wconf 81' lang='lat' dir='ltr'>Scripturas,</span> <span class='ocrx_word' id='word_1_567' title='bbox 2347 1124 2397 1149; x_wconf 84' lang='lat' dir='ltr'>an</span> 
     </span>
     <span class='ocr_line' id='line_1_81' title="bbox 1278 1158 2398 1213; baseline 0.005 -17"><span class='ocrx_word' id='word_1_568' title='bbox 1278 1158 1331 1196; x_wconf 85' lang='lat' dir='ltr'>ita</span> <span class='ocrx_word' id='word_1_569' title='bbox 1361 1173 1398 1197; x_wconf 91' lang='lat' dir='ltr'>se</span> <span class='ocrx_word' id='word_1_570' title='bbox 1428 1159 1631 1207; x_wconf 74' lang='lat' dir='ltr'>liaberent3</span> <span class='ocrx_word' id='word_1_571' title='bbox 1670 1162 1773 1213; x_wconf 86' lang='lat' dir='ltr'>quod</span> <span class='ocrx_word' id='word_1_572' title='bbox 1804 1162 1844 1199; x_wconf 88' lang='lat' dir='ltr'>in</span> <span class='ocrx_word' id='word_1_573' title='bbox 1875 1162 1920 1198; x_wconf 89' lang='lat' dir='ltr'>iis</span> <span class='ocrx_word' id='word_1_574' title='bbox 1949 1161 2074 1200; x_wconf 80' lang='lat' dir='ltr'>adhuc</span> <span class='ocrx_word' id='word_1_575' title='bbox 2103 1163 2398 1202; x_wconf 83' lang='lat' dir='ltr'>Catechumenis</span> 
     </span>
     <span class='ocr_line' id='line_1_82' title="bbox 1277 1211 2377 1263; baseline 0.003 -13"><span class='ocrx_word' id='word_1_576' title='bbox 1277 1226 1352 1250; x_wconf 88' lang='lat' dir='ltr'>non</span> <span class='ocrx_word' id='word_1_577' title='bbox 1386 1211 1508 1252; x_wconf 85' lang='lat' dir='ltr'>solum</span> <span class='ocrx_word' id='word_1_578' title='bbox 1542 1214 1727 1263; x_wconf 80' lang='lat' dir='ltr'>tolerari,</span> <span class='ocrx_word' id='word_1_579' title='bbox 1758 1215 1822 1253; x_wconf 86' lang='lat' dir='ltr'>sed</span> <span class='ocrx_word' id='word_1_580' title='bbox 1852 1212 2006 1254; x_wconf 80' lang='lat' dir='ltr'>laudari</span> <span class='ocrx_word' id='word_1_581' title='bbox 2035 1216 2153 1253; x_wconf 82' lang='lat' dir='ltr'>etiam</span> <span class='ocrx_word' id='word_1_582' title='bbox 2184 1215 2347 1254; x_wconf 84' lang='lat' dir='ltr'>debebat</span> <span class='ocrx_word' id='word_1_583' title='bbox 2367 1243 2377 1253; x_wconf 83' lang='lat'><strong>.</strong></span> 
     </span>
    </p>

    <p class='ocr_par' dir='ltr' id='par_1_11' title="bbox 1269 1266 2400 1965">
     <span class='ocr_line' id='line_1_83' title="bbox 1335 1266 2398 1321; baseline 0.002 -17"><span class='ocrx_word' id='word_1_584' title='bbox 1335 1280 1398 1317; x_wconf 87' lang='lat'>27.</span> <span class='ocrx_word' id='word_1_585' title='bbox 1431 1266 1542 1314; x_wconf 85' lang='lat' dir='ltr'>Quod</span> <span class='ocrx_word' id='word_1_586' title='bbox 1571 1270 1600 1306; x_wconf 86' lang='lat' dir='ltr'>si</span> <span class='ocrx_word' id='word_1_587' title='bbox 1631 1270 1717 1321; x_wconf 85' lang='lat' dir='ltr'>quis</span> <span class='ocrx_word' id='word_1_588' title='bbox 1748 1271 1906 1307; x_wconf 90' lang='lat' dir='ltr'>omnino</span> <span class='ocrx_word' id='word_1_589' title='bbox 1936 1269 2165 1318; x_wconf 87' lang='lat' dir='ltr'>contendat,</span> <span class='ocrx_word' id='word_1_590' title='bbox 2203 1268 2286 1321; x_wconf 82' lang='lat' dir='ltr'>jam</span> <span class='ocrx_word' id='word_1_591' title='bbox 2315 1277 2398 1307; x_wconf 86' lang='lat' dir='ltr'>tum</span> 
     </span>
     <span class='ocr_line' id='line_1_84' title="bbox 1277 1318 2400 1373; baseline 0.005 -17"><span class='ocrx_word' id='word_1_592' title='bbox 1277 1318 1476 1359; x_wconf 82' lang='lat' dir='ltr'>Beroenses</span> <span class='ocrx_word' id='word_1_593' title='bbox 1505 1322 1620 1360; x_wconf 82' lang='lat' dir='ltr'>fuisse</span> <span class='ocrx_word' id='word_1_594' title='bbox 1651 1321 1812 1370; x_wconf 83' lang='lat' dir='ltr'>fideles,</span> <span class='ocrx_word' id='word_1_595' title='bbox 1855 1331 1944 1361; x_wconf 85' lang='lat' dir='ltr'>tunc</span> <span class='ocrx_word' id='word_1_596' title='bbox 1973 1323 2181 1362; x_wconf 86' lang='lat' dir='ltr'>dicendum</span> <span class='ocrx_word' id='word_1_597' title='bbox 2211 1332 2290 1373; x_wconf 89' lang='lat' dir='ltr'>est,</span> <span class='ocrx_word' id='word_1_598' title='bbox 2337 1336 2400 1362; x_wconf 85' lang='lat' dir='ltr'>eos</span> 
     </span>
     <span class='ocr_line' id='line_1_85' title="bbox 1277 1375 2398 1428; baseline 0.004 -17"><span class='ocrx_word' id='word_1_599' title='bbox 1277 1375 1393 1412; x_wconf 82' lang='lat' dir='ltr'>fuisse</span> <span class='ocrx_word' id='word_1_600' title='bbox 1423 1383 1603 1414; x_wconf 81' lang='lat' dir='ltr'>scrutatos</span> <span class='ocrx_word' id='word_1_601' title='bbox 1633 1376 1880 1428; x_wconf 83' lang='lat' dir='ltr'>Scripturas:</span> <span class='ocrx_word' id='word_1_602' title='bbox 1927 1389 2009 1415; x_wconf 86' lang='lat' dir='ltr'>non</span> <span class='ocrx_word' id='word_1_603' title='bbox 2038 1376 2142 1428; x_wconf 75' lang='lat' dir='ltr'>quod</span> <span class='ocrx_word' id='word_1_604' title='bbox 2171 1376 2398 1415; x_wconf 75' lang='lat' dir='ltr'>dubitarent</span> 
     </span>
     <span class='ocr_line' id='line_1_86' title="bbox 1276 1427 2398 1483; baseline 0.004 -18"><span class='ocrx_word' id='word_1_605' title='bbox 1276 1427 1323 1465; x_wconf 83' lang='lat' dir='ltr'>de</span> <span class='ocrx_word' id='word_1_606' title='bbox 1352 1431 1518 1467; x_wconf 58' lang='lat' dir='ltr'>veritate</span> <span class='ocrx_word' id='word_1_607' title='bbox 1546 1429 1690 1478; x_wconf 84' lang='lat' dir='ltr'>Pauli,</span> <span class='ocrx_word' id='word_1_608' title='bbox 1735 1431 1785 1471; x_wconf 69' lang='lat'>&lt;9⁰</span> <span class='ocrx_word' id='word_1_609' title='bbox 1815 1429 1913 1468; x_wconf 69' lang='lat' dir='ltr'>Siloe</span> <span class='ocrx_word' id='word_1_610' title='bbox 1935 1461 1945 1479; x_wconf 93' lang='lat'>,</span> <span class='ocrx_word' id='word_1_611' title='bbox 1989 1431 2060 1468; x_wconf 77' lang='lat' dir='ltr'>secl</span> <span class='ocrx_word' id='word_1_612' title='bbox 2087 1439 2129 1467; x_wconf 82' lang='lat' dir='ltr'>ut</span> <span class='ocrx_word' id='word_1_613' title='bbox 2168 1431 2398 1483; x_wconf 70' lang='lat' dir='ltr'>prophetica</span> 
     </span>
     <span class='ocr_line' id='line_1_87' title="bbox 1276 1483 2397 1537; baseline 0.003 -18"><span class='ocrx_word' id='word_1_614' title='bbox 1276 1486 1428 1532; x_wconf 82' lang='lat' dir='ltr'>scripta</span> <span class='ocrx_word' id='word_1_615' title='bbox 1457 1495 1549 1521; x_wconf 86' lang='lat' dir='ltr'>cum</span> <span class='ocrx_word' id='word_1_616' title='bbox 1578 1483 1734 1521; x_wconf 82' lang='lat' dir='ltr'>illorum</span> <span class='ocrx_word' id='word_1_617' title='bbox 1778 1483 1902 1522; x_wconf 72' lang='lat' dir='ltr'>Verbis</span> <span class='ocrx_word' id='word_1_618' title='bbox 1944 1483 2217 1535; x_wconf 78' lang='lat' dir='ltr'>conferendo,</span> <span class='ocrx_word' id='word_1_619' title='bbox 2262 1488 2397 1537; x_wconf 67' lang='lat' dir='ltr'>uulgi-s</span> 
     </span>
     <span class='ocr_line' id='line_1_88' title="bbox 1277 1538 2397 1590; baseline 0.004 -19"><span class='ocrx_word' id='word_1_620' title='bbox 1277 1540 1486 1589; x_wconf 72' lang='lat' dir='ltr'>magisque</span> <span class='ocrx_word' id='word_1_621' title='bbox 1516 1540 1558 1574; x_wconf 87' lang='lat' dir='ltr'>in</span> <span class='ocrx_word' id='word_1_622' title='bbox 1587 1542 1752 1576; x_wconf 69' lang='lat' dir='ltr'>veritate</span> <span class='ocrx_word' id='word_1_623' title='bbox 1790 1538 2155 1590; x_wconf 74' lang='lat' dir='ltr'>confirmarentur,</span> <span class='ocrx_word' id='word_1_624' title='bbox 2198 1538 2248 1579; x_wconf 62' lang='grc' dir='ltr'>ὠ·</span> <span class='ocrx_word' id='word_1_625' title='bbox 2277 1538 2397 1576; x_wconf 71' lang='lat' dir='ltr'>izabe-</span> 
     </span>
     <span class='ocr_line' id='line_1_89' title="bbox 1275 1590 2396 1639; baseline 0.004 -13"><span class='ocrx_word' id='word_1_626' title='bbox 1275 1599 1392 1639; x_wconf 85' lang='lat' dir='ltr'>rent,</span> <span class='ocrx_word' id='word_1_627' title='bbox 1435 1590 1541 1630; x_wconf 72' lang='lat' dir='ltr'>unde</span> <span class='ocrx_word' id='word_1_628' title='bbox 1569 1592 1673 1630; x_wconf 80' lang='lat' dir='ltr'>alios</span> <span class='ocrx_word' id='word_1_629' title='bbox 1702 1595 2007 1631; x_wconf 73' lang='lat' dir='ltr'>convincerent.</span> <span class='ocrx_word' id='word_1_630' title='bbox 2039 1591 2165 1630; x_wconf 81' lang='lat' dir='ltr'>Verba</span> <span class='ocrx_word' id='word_1_631' title='bbox 2195 1601 2282 1631; x_wconf 88' lang='lat' dir='ltr'>sunt</span> <span class='ocrx_word' id='word_1_632' title='bbox 2311 1593 2396 1631; x_wconf 88' lang='lat' dir='ltr'>Hu-</span> 
     </span>
     <span class='ocr_line' id='line_1_90' title="bbox 1272 1645 2399 1699; baseline 0.004 -19"><span class='ocrx_word' id='word_1_633' title='bbox 1272 1645 1379 1695; x_wconf 82' lang='lat' dir='ltr'>gonis</span> <span class='ocrx_word' id='word_1_634' title='bbox 1406 1645 1534 1683; x_wconf 79' lang='lat' dir='ltr'>Groui</span> <span class='ocrx_word' id='word_1_635' title='bbox 1564 1646 1727 1685; x_wconf 87' lang='lat' dir='ltr'>celebris</span> <span class='ocrx_word' id='word_1_636' title='bbox 1771 1646 1867 1684; x_wconf 86' lang='lat' dir='ltr'>inter</span> <span class='ocrx_word' id='word_1_637' title='bbox 1897 1645 2146 1684; x_wconf 74' lang='lat' dir='ltr'>protestantes</span> <span class='ocrx_word' id='word_1_638' title='bbox 2175 1646 2399 1699; x_wconf 50' lang='lat' dir='ltr'>Scriptura}</span> 
     </span>
     <span class='ocr_line' id='line_1_91' title="bbox 1274 1699 2394 1751; baseline 0.002 -16"><span class='ocrx_word' id='word_1_639' title='bbox 1274 1699 1490 1751; x_wconf 81' lang='lat' dir='ltr'>interpretis</span> <span class='ocrx_word' id='word_1_640' title='bbox 1519 1699 1567 1738; x_wconf 86' lang='lat' dir='ltr'>ad</span> <span class='ocrx_word' id='word_1_641' title='bbox 1597 1699 1701 1739; x_wconf 85' lang='lat' dir='ltr'>hunc</span> <span class='ocrx_word' id='word_1_642' title='bbox 1722 1700 1850 1738; x_wconf 86' lang='lat' dir='ltr'>locum</span> <span class='ocrx_word' id='word_1_643' title='bbox 1873 1727 1883 1738; x_wconf 85' lang='lat'>.</span> <span class='ocrx_word' id='word_1_644' title='bbox 1913 1700 1961 1738; x_wconf 81' lang='lat' dir='ltr'>Et</span> <span class='ocrx_word' id='word_1_645' title='bbox 1990 1709 2090 1739; x_wconf 89' lang='lat' dir='ltr'>certe</span> <span class='ocrx_word' id='word_1_646' title='bbox 2110 1699 2181 1738; x_wconf 87' lang='lat' dir='ltr'>nisi</span> <span class='ocrx_word' id='word_1_647' title='bbox 2212 1700 2299 1739; x_wconf 85' lang='lat' dir='ltr'>haee</span> <span class='ocrx_word' id='word_1_648' title='bbox 2317 1731 2326 1749; x_wconf 82' lang='lat'>,</span> <span class='ocrx_word' id='word_1_649' title='bbox 2357 1699 2394 1737; x_wconf 81' lang='lat'>&amp;</span> 
     </span>
     <span class='ocr_line' id='line_1_92' title="bbox 1271 1752 2394 1806; baseline 0.003 -17"><span class='ocrx_word' id='word_1_650' title='bbox 1271 1752 1417 1790; x_wconf 76' lang='lat' dir='ltr'>similia</span> <span class='ocrx_word' id='word_1_651' title='bbox 1447 1752 1531 1791; x_wconf 82' lang='lat' dir='ltr'>loca</span> <span class='ocrx_word' id='word_1_652' title='bbox 1559 1755 1612 1792; x_wconf 79' lang='lat' dir='ltr'>ita</span> <span class='ocrx_word' id='word_1_653' title='bbox 1641 1752 1904 1806; x_wconf 81' lang='lat' dir='ltr'>explicentur,</span> <span class='ocrx_word' id='word_1_654' title='bbox 1936 1753 2035 1792; x_wconf 89' lang='lat' dir='ltr'>illud</span> <span class='ocrx_word' id='word_1_655' title='bbox 2052 1762 2304 1806; x_wconf 83' lang='lat' dir='ltr'>consequetur</span> <span class='ocrx_word' id='word_1_656' title='bbox 2324 1754 2394 1792; x_wconf 76' lang='lat' dir='ltr'>ab-</span> 
     </span>
     <span class='ocr_line' id='line_1_93' title="bbox 1272 1806 2395 1855; baseline 0.001 -12"><span class='ocrx_word' id='word_1_657' title='bbox 1272 1806 1430 1844; x_wconf 83' lang='lat' dir='ltr'>surdum</span> <span class='ocrx_word' id='word_1_658' title='bbox 1450 1836 1460 1855; x_wconf 90' lang='lat'>,</span> <span class='ocrx_word' id='word_1_659' title='bbox 1505 1819 1579 1846; x_wconf 91' lang='lat' dir='ltr'>non</span> <span class='ocrx_word' id='word_1_660' title='bbox 1609 1807 1734 1846; x_wconf 87' lang='lat' dir='ltr'>solum</span> <span class='ocrx_word' id='word_1_661' title='bbox 1763 1806 1950 1845; x_wconf 66' lang='lat' dir='ltr'>Ecclesiae</span> <span class='ocrx_word' id='word_1_662' title='bbox 1981 1806 2219 1846; x_wconf 84' lang='lat' dir='ltr'>definitiones</span> <span class='ocrx_word' id='word_1_663' title='bbox 2249 1820 2327 1845; x_wconf 80' lang='lat' dir='ltr'>esse</span> <span class='ocrx_word' id='word_1_664' title='bbox 2353 1820 2395 1843; x_wconf 86' lang='lat' dir='ltr'>e-</span> 
     </span>
     <span class='ocr_line' id='line_1_94' title="bbox 1271 1859 2394 1914; baseline 0.004 -18"><span class='ocrx_word' id='word_1_665' title='bbox 1271 1861 1419 1898; x_wconf 85' lang='lat' dir='ltr'>xamini</span> <span class='ocrx_word' id='word_1_666' title='bbox 1449 1859 1731 1911; x_wconf 80' lang='lat' dir='ltr'>subjiciendas,</span> <span class='ocrx_word' id='word_1_667' title='bbox 1761 1862 1825 1899; x_wconf 86' lang='lat' dir='ltr'>sed</span> <span class='ocrx_word' id='word_1_668' title='bbox 1855 1862 1971 1899; x_wconf 86' lang='lat' dir='ltr'>etiam</span> <span class='ocrx_word' id='word_1_669' title='bbox 2001 1874 2262 1914; x_wconf 72' lang='lat' dir='ltr'>quascumque</span> <span class='ocrx_word' id='word_1_670' title='bbox 2291 1862 2394 1914; x_wconf 78' lang='lat' dir='ltr'>Apo-</span> 
     </span>
     <span class='ocr_line' id='line_1_95' title="bbox 1269 1911 2277 1965; baseline 0.002 -16"><span class='ocrx_word' id='word_1_671' title='bbox 1269 1911 1383 1960; x_wconf 90' lang='lat' dir='ltr'>stoli,</span> <span class='ocrx_word' id='word_1_672' title='bbox 1415 1915 1493 1950; x_wconf 88' lang='lat' dir='ltr'>imo</span> <span class='ocrx_word' id='word_1_673' title='bbox 1523 1913 1557 1949; x_wconf 75' lang='lat'>8&lt;</span> <span class='ocrx_word' id='word_1_674' title='bbox 1587 1914 1668 1965; x_wconf 89' lang='lat' dir='ltr'>ipse</span> <span class='ocrx_word' id='word_1_675' title='bbox 1697 1914 1808 1952; x_wconf 83' lang='lat' dir='ltr'>Jesus</span> <span class='ocrx_word' id='word_1_676' title='bbox 1837 1913 2012 1953; x_wconf 87' lang='lat' dir='ltr'>Christus</span> <span class='ocrx_word' id='word_1_677' title='bbox 2039 1915 2277 1952; x_wconf 82' lang='lat' dir='ltr'>docuerunt.</span> 
     </span>
    </p>

    <p class='ocr_par' dir='ltr' id='par_1_12' title="bbox 1264 1964 2393 2932">
     <span class='ocr_line' id='line_1_96' title="bbox 1327 1964 2390 2021; baseline 0.003 -18"><span class='ocrx_word' id='word_1_678' title='bbox 1327 1964 1392 2003; x_wconf 80' lang='lat'>28.</span> <span class='ocrx_word' id='word_1_679' title='bbox 1421 1965 1516 2017; x_wconf 80' lang='lat' dir='ltr'><strong>Ohj.</strong></span> <span class='ocrx_word' id='word_1_680' title='bbox 1540 1980 1578 2005; x_wconf 81' lang='lat'>2.</span> <span class='ocrx_word' id='word_1_681' title='bbox 1620 1967 1712 2005; x_wconf 90' lang='lat' dir='ltr'>Jure</span> <span class='ocrx_word' id='word_1_682' title='bbox 1742 1968 1827 2018; x_wconf 86' lang='lat' dir='ltr'>ipso</span> <span class='ocrx_word' id='word_1_683' title='bbox 1855 1976 2004 2006; x_wconf 84' lang='lat' dir='ltr'>naturae</span> <span class='ocrx_word' id='word_1_684' title='bbox 2035 1976 2152 2021; x_wconf 88' lang='lat' dir='ltr'>potest</span> <span class='ocrx_word' id='word_1_685' title='bbox 2181 1969 2390 2021; x_wconf 83' lang='lat' dir='ltr'>unusquis-</span> 
     </span>
     <span class='ocr_line' id='line_1_97' title="bbox 1270 2019 2393 2074; baseline 0.003 -17"><span class='ocrx_word' id='word_1_686' title='bbox 1270 2031 1367 2071; x_wconf 79' lang='lat' dir='ltr'>que,</span> <span class='ocrx_word' id='word_1_687' title='bbox 1406 2034 1450 2058; x_wconf 87' lang='lat' dir='ltr'>ac</span> <span class='ocrx_word' id='word_1_688' title='bbox 1480 2019 1592 2058; x_wconf 89' lang='lat' dir='ltr'>debet</span> <span class='ocrx_word' id='word_1_689' title='bbox 1621 2035 1665 2060; x_wconf 87' lang='lat' dir='ltr'>ea</span> <span class='ocrx_word' id='word_1_690' title='bbox 1694 2019 1900 2074; x_wconf 81' lang='lat' dir='ltr'>diligenter</span> <span class='ocrx_word' id='word_1_691' title='bbox 1928 2024 2181 2069; x_wconf 80' lang='lat' dir='ltr'>examinare,</span> <span class='ocrx_word' id='word_1_692' title='bbox 2224 2036 2313 2074; x_wconf 83' lang='lat' dir='ltr'>quae</span> <span class='ocrx_word' id='word_1_693' title='bbox 2344 2022 2393 2061; x_wconf 77' lang='lat' dir='ltr'>ad</span> 
     </span>
     <span class='ocr_line' id='line_1_98' title="bbox 1271 2071 2393 2126; baseline 0.004 -17"><span class='ocrx_word' id='word_1_694' title='bbox 1271 2071 1433 2110; x_wconf 85' lang='lat' dir='ltr'>salutem</span> <span class='ocrx_word' id='word_1_695' title='bbox 1477 2087 1585 2111; x_wconf 88' lang='lat' dir='ltr'>suam</span> <span class='ocrx_word' id='word_1_696' title='bbox 1630 2076 1849 2126; x_wconf 85' lang='lat' dir='ltr'>pertinent.</span> <span class='ocrx_word' id='word_1_697' title='bbox 1892 2075 1996 2113; x_wconf 85' lang='lat' dir='ltr'>Hinc</span> <span class='ocrx_word' id='word_1_698' title='bbox 2026 2073 2245 2113; x_wconf 59' lang='lat' dir='ltr'>Laetantius</span> <span class='ocrx_word' id='word_1_699' title='bbox 2273 2076 2320 2113; x_wconf 88' lang='lat' dir='ltr'>L.</span> <span class='ocrx_word' id='word_1_700' title='bbox 2343 2076 2393 2114; x_wconf 85' lang='lat' dir='ltr'>H.</span> 
     </span>
     <span class='ocr_line' id='line_1_99' title="bbox 1271 2123 2393 2179; baseline 0.004 -18"><span class='ocrx_word' id='word_1_701' title='bbox 1271 2123 1406 2164; x_wconf 73' lang='lat' dir='ltr'>Divin.</span> <span class='ocrx_word' id='word_1_702' title='bbox 1436 2126 1610 2163; x_wconf 83' lang='lat' dir='ltr'>Institut.</span> <span class='ocrx_word' id='word_1_703' title='bbox 1641 2136 1842 2179; x_wconf 83' lang='lat' dir='ltr'>postquam</span> <span class='ocrx_word' id='word_1_704' title='bbox 1873 2128 1996 2167; x_wconf 83' lang='lat' dir='ltr'>multa</span> <span class='ocrx_word' id='word_1_705' title='bbox 2025 2129 2179 2166; x_wconf 84' lang='lat' dir='ltr'>dixisset</span> <span class='ocrx_word' id='word_1_706' title='bbox 2208 2128 2256 2169; x_wconf 84' lang='lat' dir='ltr'>ad</span> <span class='ocrx_word' id='word_1_707' title='bbox 2284 2141 2393 2167; x_wconf 86' lang='lat' dir='ltr'>ever-</span> 
     </span>
     <span class='ocr_line' id='line_1_100' title="bbox 1270 2179 2392 2234; baseline 0.007 -21"><span class='ocrx_word' id='word_1_708' title='bbox 1270 2179 1423 2217; x_wconf 83' lang='lat' dir='ltr'>tendam</span> <span class='ocrx_word' id='word_1_709' title='bbox 1446 2179 1662 2231; x_wconf 69' lang='lat' dir='ltr'>llffajorum</span> <span class='ocrx_word' id='word_1_710' title='bbox 1705 2180 1992 2228; x_wconf 58' lang='lat' dir='ltr'>auetoritaterm</span> <span class='ocrx_word' id='word_1_711' title='bbox 2036 2195 2113 2234; x_wconf 80' lang='lat' dir='ltr'>qua</span> <span class='ocrx_word' id='word_1_712' title='bbox 2159 2181 2308 2232; x_wconf 88' lang='lat' dir='ltr'>decepti</span> <span class='ocrx_word' id='word_1_713' title='bbox 2338 2180 2392 2220; x_wconf 87' lang='lat' dir='ltr'>E-</span> 
     </span>
     <span class='ocr_line' id='line_1_101' title="bbox 1269 2230 2391 2288; baseline 0.005 -20"><span class='ocrx_word' id='word_1_714' title='bbox 1269 2230 1390 2270; x_wconf 88' lang='lat' dir='ltr'>thnici</span> <span class='ocrx_word' id='word_1_715' title='bbox 1406 2234 1708 2284; x_wconf 85' lang='lat' dir='ltr'>superstitionem</span> <span class='ocrx_word' id='word_1_716' title='bbox 1726 2233 1966 2272; x_wconf 62' lang='lat' dir='ltr'>sectabantur</span> <span class='ocrx_word' id='word_1_717' title='bbox 1982 2264 1992 2282; x_wconf 91' lang='lat'>,</span> <span class='ocrx_word' id='word_1_718' title='bbox 2024 2235 2074 2273; x_wconf 85' lang='lat' dir='ltr'>ita</span> <span class='ocrx_word' id='word_1_719' title='bbox 2090 2234 2283 2273; x_wconf 88' lang='lat' dir='ltr'>concludit</span> <span class='ocrx_word' id='word_1_720' title='bbox 2303 2249 2391 2288; x_wconf 83' lang='lat' dir='ltr'>cap.</span> 
     </span>
     <span class='ocr_line' id='line_1_102' title="bbox 1269 2284 2387 2340; baseline 0.004 -18"><span class='ocrx_word' id='word_1_721' title='bbox 1269 2284 1307 2323; x_wconf 83' lang='lat'>8.</span> <span class='ocrx_word' id='word_1_722' title='bbox 1342 2285 1506 2338; x_wconf 77' lang='lat' dir='ltr'>Oportet</span> <span class='ocrx_word' id='word_1_723' title='bbox 1535 2290 1572 2324; x_wconf 84' lang='lat' dir='ltr'>in</span> <span class='ocrx_word' id='word_1_724' title='bbox 1605 2300 1657 2325; x_wconf 88' lang='lat' dir='ltr'>ea</span> <span class='ocrx_word' id='word_1_725' title='bbox 1677 2299 1721 2324; x_wconf 90' lang='lat' dir='ltr'>re</span> <span class='ocrx_word' id='word_1_726' title='bbox 1749 2291 1960 2335; x_wconf 79' lang='lat' dir='ltr'>maxime,</span> <span class='ocrx_word' id='word_1_727' title='bbox 1990 2292 2032 2325; x_wconf 83' lang='lat' dir='ltr'>in</span> <span class='ocrx_word' id='word_1_728' title='bbox 2061 2300 2142 2340; x_wconf 85' lang='lat' dir='ltr'>qua</span> <span class='ocrx_word' id='word_1_729' title='bbox 2172 2292 2261 2326; x_wconf 74' lang='lat' dir='ltr'>vitoe</span> <span class='ocrx_word' id='word_1_730' title='bbox 2281 2293 2387 2327; x_wconf 81' lang='lat' dir='ltr'>ratio</span> 
     </span>
     <span class='ocr_line' id='line_1_103' title="bbox 1269 2339 2386 2395; baseline 0.004 -19"><span class='ocrx_word' id='word_1_731' title='bbox 1269 2349 1450 2377; x_wconf 64' lang='lat' dir='ltr'>versatur</span> <span class='ocrx_word' id='word_1_732' title='bbox 1470 2370 1481 2389; x_wconf 89' lang='lat'>,</span> <span class='ocrx_word' id='word_1_733' title='bbox 1521 2339 1591 2378; x_wconf 82' lang='lat' dir='ltr'>sibi</span> <span class='ocrx_word' id='word_1_734' title='bbox 1620 2353 1815 2392; x_wconf 82' lang='lat' dir='ltr'>quemque</span> <span class='ocrx_word' id='word_1_735' title='bbox 1843 2341 2064 2393; x_wconf 81' lang='lat' dir='ltr'>confidere,</span> <span class='ocrx_word' id='word_1_736' title='bbox 2107 2355 2254 2391; x_wconf 83' lang='lat' dir='ltr'>suoque</span> <span class='ocrx_word' id='word_1_737' title='bbox 2275 2342 2386 2395; x_wconf 80' lang='lat' dir='ltr'>judi-</span> 
     </span>
     <span class='ocr_line' id='line_1_104' title="bbox 1270 2394 2386 2449; baseline 0.004 -19"><span class='ocrx_word' id='word_1_738' title='bbox 1270 2397 1331 2431; x_wconf 85' lang='lat' dir='ltr'>cio</span> <span class='ocrx_word' id='word_1_739' title='bbox 1353 2423 1363 2441; x_wconf 90' lang='lat'><strong><em>‚</em></strong></span> <span class='ocrx_word' id='word_1_740' title='bbox 1400 2406 1452 2431; x_wconf 86' lang='lat' dir='ltr'>ac</span> <span class='ocrx_word' id='word_1_741' title='bbox 1479 2399 1647 2446; x_wconf 83' lang='lat' dir='ltr'>propriis</span> <span class='ocrx_word' id='word_1_742' title='bbox 1675 2394 1853 2433; x_wconf 73' lang='lat' dir='ltr'>sensibus</span> <span class='ocrx_word' id='word_1_743' title='bbox 1881 2401 2016 2449; x_wconf 75' lang='lat' dir='ltr'>magis</span> <span class='ocrx_word' id='word_1_744' title='bbox 2043 2400 2117 2433; x_wconf 78' lang='lat' dir='ltr'>niti</span> <span class='ocrx_word' id='word_1_745' title='bbox 2146 2397 2201 2433; x_wconf 73' lang='lat' dir='ltr'>aci</span> <span class='ocrx_word' id='word_1_746' title='bbox 2230 2399 2386 2434; x_wconf 67' lang='lat' dir='ltr'>investi-</span> 
     </span>
     <span class='ocr_line' id='line_1_105' title="bbox 1270 2446 2384 2501; baseline 0.004 -18"><span class='ocrx_word' id='word_1_747' title='bbox 1270 2446 1480 2499; x_wconf 75' lang='lat' dir='ltr'>gandam,</span> <span class='ocrx_word' id='word_1_748' title='bbox 1522 2450 1573 2489; x_wconf 56' lang='grc' dir='ltr'>ζ’)</span> <span class='ocrx_word' id='word_1_749' title='bbox 1600 2448 1932 2499; x_wconf 77' lang='lat' dir='ltr'>perpendendam</span> <span class='ocrx_word' id='word_1_750' title='bbox 1975 2454 2182 2488; x_wconf 67' lang='lat' dir='ltr'>veritatem</span> <span class='ocrx_word' id='word_1_751' title='bbox 2205 2480 2216 2498; x_wconf 87' lang='lat'><strong>‚</strong></span> <span class='ocrx_word' id='word_1_752' title='bbox 2257 2456 2384 2501; x_wconf 83' lang='lat' dir='ltr'>qua&#39;m</span> 
     </span>
     <span class='ocr_line' id='line_1_106' title="bbox 1271 2500 2385 2556; baseline 0.003 -17"><span class='ocrx_word' id='word_1_753' title='bbox 1271 2500 1502 2540; x_wconf 80' lang='lat' dir='ltr'>credentem</span> <span class='ocrx_word' id='word_1_754' title='bbox 1532 2503 1677 2541; x_wconf 77' lang='lat' dir='ltr'>alienis</span> <span class='ocrx_word' id='word_1_755' title='bbox 1713 2501 1906 2542; x_wconf 77' lang='lat' dir='ltr'>erroribus</span> <span class='ocrx_word' id='word_1_756' title='bbox 1935 2504 2084 2555; x_wconf 75' lang='lat' dir='ltr'>decipi,</span> <span class='ocrx_word' id='word_1_757' title='bbox 2126 2513 2325 2556; x_wconf 83' lang='lat' dir='ltr'>tanquam</span> <span class='ocrx_word' id='word_1_758' title='bbox 2355 2509 2385 2542; x_wconf 86' lang='lat' dir='ltr'>i-</span> 
     </span>
     <span class='ocr_line' id='line_1_107' title="bbox 1270 2557 2384 2609; baseline 0.004 -16"><span class='ocrx_word' id='word_1_759' title='bbox 1270 2567 1387 2605; x_wconf 82' lang='lat' dir='ltr'>psum</span> <span class='ocrx_word' id='word_1_760' title='bbox 1429 2560 1599 2594; x_wconf 84' lang='lat' dir='ltr'>rationis</span> <span class='ocrx_word' id='word_1_761' title='bbox 1627 2567 1836 2609; x_wconf 77' lang='lat' dir='ltr'>expertem</span> <span class='ocrx_word' id='word_1_762' title='bbox 1854 2584 1865 2595; x_wconf 86' lang='lat'><strong>.</strong></span> <span class='ocrx_word' id='word_1_763' title='bbox 1909 2557 2033 2597; x_wconf 72' lang='lat' dir='ltr'>Dedit</span> <span class='ocrx_word' id='word_1_764' title='bbox 2062 2557 2242 2596; x_wconf 81' lang='lat' dir='ltr'>omnibus</span> <span class='ocrx_word' id='word_1_765' title='bbox 2271 2557 2384 2597; x_wconf 70' lang='lat' dir='ltr'>Deris</span> 
     </span>
     <span class='ocr_line' id='line_1_108' title="bbox 1266 2610 2385 2661; baseline 0.004 -16"><span class='ocrx_word' id='word_1_766' title='bbox 1266 2622 1338 2659; x_wconf 83' lang='lat' dir='ltr'>pro</span> <span class='ocrx_word' id='word_1_767' title='bbox 1367 2610 1465 2648; x_wconf 62' lang='lat' dir='ltr'>virili</span> <span class='ocrx_word' id='word_1_768' title='bbox 1500 2614 1680 2661; x_wconf 84' lang='lat' dir='ltr'>portione</span> <span class='ocrx_word' id='word_1_769' title='bbox 1727 2615 1974 2659; x_wconf 76' lang='lat' dir='ltr'>sapientiam</span> <span class='ocrx_word' id='word_1_770' title='bbox 1996 2643 2007 2661; x_wconf 85' lang='lat'>,</span> <span class='ocrx_word' id='word_1_771' title='bbox 2050 2620 2092 2649; x_wconf 84' lang='lat' dir='ltr'>ut</span> <span class='ocrx_word' id='word_1_772' title='bbox 2119 2612 2169 2652; x_wconf 66' lang='grc' dir='ltr'>ζῇ·</span> <span class='ocrx_word' id='word_1_773' title='bbox 2197 2611 2385 2650; x_wconf 74' lang='lat' dir='ltr'>inaudita</span> 
     </span>
     <span class='ocr_line' id='line_1_109' title="bbox 1267 2665 2384 2716; baseline 0.004 -16"><span class='ocrx_word' id='word_1_774' title='bbox 1267 2666 1509 2716; x_wconf 71' lang='lat' dir='ltr'>investigare</span> <span class='ocrx_word' id='word_1_775' title='bbox 1535 2673 1724 2716; x_wconf 85' lang='lat' dir='ltr'>possent,</span> <span class='ocrx_word' id='word_1_776' title='bbox 1767 2666 1816 2706; x_wconf 61' lang='lat'>&lt;9³</span> <span class='ocrx_word' id='word_1_777' title='bbox 1846 2665 1987 2704; x_wconf 79' lang='lat' dir='ltr'>audita</span> <span class='ocrx_word' id='word_1_778' title='bbox 2022 2665 2293 2716; x_wconf 74' lang='lat' dir='ltr'>perpendere,</span> <span class='ocrx_word' id='word_1_779' title='bbox 2312 2693 2322 2705; x_wconf 86' lang='lat'><em>.</em></span> <span class='ocrx_word' id='word_1_780' title='bbox 2341 2693 2352 2705; x_wconf 89' lang='lat'><strong><em>.</em></strong></span> <span class='ocrx_word' id='word_1_781' title='bbox 2369 2691 2384 2705; x_wconf 76' lang='grc'><strong>.</strong></span> 
     </span>
     <span class='ocr_line' id='line_1_110' title="bbox 1267 2717 2382 2773; baseline 0.003 -18"><span class='ocrx_word' id='word_1_782' title='bbox 1267 2717 1523 2769; x_wconf 83' lang='lat' dir='ltr'>Sapientiam</span> <span class='ocrx_word' id='word_1_783' title='bbox 1570 2718 1642 2756; x_wconf 79' lang='lat' dir='ltr'>sibi</span> <span class='ocrx_word' id='word_1_784' title='bbox 1685 2717 1897 2767; x_wconf 73' lang='lat' dir='ltr'>adimunt,</span> <span class='ocrx_word' id='word_1_785' title='bbox 1940 2723 2004 2771; x_wconf 86' lang='lat' dir='ltr'>qui</span> <span class='ocrx_word' id='word_1_786' title='bbox 2032 2723 2119 2758; x_wconf 88' lang='lat' dir='ltr'>sine</span> <span class='ocrx_word' id='word_1_787' title='bbox 2165 2720 2243 2758; x_wconf 81' lang='lat' dir='ltr'>ullo</span> <span class='ocrx_word' id='word_1_788' title='bbox 2272 2719 2382 2773; x_wconf 84' lang='lat' dir='ltr'>judi-</span> 
     </span>
     <span class='ocr_line' id='line_1_111' title="bbox 1267 2771 2384 2825; baseline 0.004 -17"><span class='ocrx_word' id='word_1_789' title='bbox 1267 2776 1328 2809; x_wconf 84' lang='lat' dir='ltr'>cio</span> <span class='ocrx_word' id='word_1_790' title='bbox 1357 2776 1520 2810; x_wconf 74' lang='lat' dir='ltr'>inventa</span> <span class='ocrx_word' id='word_1_791' title='bbox 1548 2771 1763 2824; x_wconf 76' lang='lat' dir='ltr'>Mijorum</span> <span class='ocrx_word' id='word_1_792' title='bbox 1793 2772 1992 2825; x_wconf 79' lang='lat' dir='ltr'>probant,</span> <span class='ocrx_word' id='word_1_793' title='bbox 2035 2774 2085 2814; x_wconf 67' lang='lat'>&lt;9-</span> <span class='ocrx_word' id='word_1_794' title='bbox 2114 2772 2165 2811; x_wconf 75' lang='grc' dir='ltr'>αἱ)</span> <span class='ocrx_word' id='word_1_795' title='bbox 2194 2775 2286 2812; x_wconf 84' lang='lat' dir='ltr'>aliis</span> <span class='ocrx_word' id='word_1_796' title='bbox 2313 2787 2384 2825; x_wconf 75' lang='lat' dir='ltr'>pe-</span> 
     </span>
     <span class='ocr_line' id='line_1_112' title="bbox 1264 2824 2382 2867; baseline 0.003 -4"><span class='ocrx_word' id='word_1_797' title='bbox 1264 2824 1410 2863; x_wconf 77' lang='lat' dir='ltr'>cudum</span> <span class='ocrx_word' id='word_1_798' title='bbox 1440 2839 1552 2865; x_wconf 86' lang='lat' dir='ltr'>more</span> <span class='ocrx_word' id='word_1_799' title='bbox 1572 2826 1787 2865; x_wconf 77' lang='lat' dir='ltr'>ducuntur.</span> <span class='ocrx_word' id='word_1_800' title='bbox 1817 2826 1934 2866; x_wconf 82' lang='lat' dir='ltr'>Plura</span> <span class='ocrx_word' id='word_1_801' title='bbox 1963 2828 2108 2866; x_wconf 89' lang='lat' dir='ltr'>ibidem</span> <span class='ocrx_word' id='word_1_802' title='bbox 2139 2827 2254 2867; x_wconf 88' lang='lat' dir='ltr'>habet</span> <span class='ocrx_word' id='word_1_803' title='bbox 2280 2826 2382 2866; x_wconf 63' lang='lat' dir='ltr'>lestu</span> 
     </span>
     <span class='ocr_line' id='line_1_113' title="bbox 1266 2880 1522 2932; baseline 0.004 -15"><span class='ocrx_word' id='word_1_804' title='bbox 1266 2880 1493 2932; x_wconf 79' lang='lat' dir='ltr'>dignissima</span> <span class='ocrx_word' id='word_1_805' title='bbox 1511 2907 1522 2918; x_wconf 88' lang='lat'>.</span> 
     </span>
    </p>

    <p class='ocr_par' dir='ltr' id='par_1_13' title="bbox 1262 2932 2380 3359">
     <span class='ocr_line' id='line_1_114' title="bbox 1323 2932 2380 2986; baseline 0.003 -15"><span class='ocrx_word' id='word_1_806' title='bbox 1323 2946 1387 2986; x_wconf 78' lang='lat'>29.</span> <span class='ocrx_word' id='word_1_807' title='bbox 1418 2933 1618 2986; x_wconf 49' lang='lat' dir='ltr'>Respond„</span> <span class='ocrx_word' id='word_1_808' title='bbox 1637 2933 1720 2972; x_wconf 91' lang='lat' dir='ltr'>Hoc</span> <span class='ocrx_word' id='word_1_809' title='bbox 1747 2932 1807 2986; x_wconf 86' lang='lat' dir='ltr'>jus</span> <span class='ocrx_word' id='word_1_810' title='bbox 1835 2935 2052 2984; x_wconf 85' lang='lat' dir='ltr'>examinis,</span> <span class='ocrx_word' id='word_1_811' title='bbox 2081 2948 2158 2974; x_wconf 88' lang='lat' dir='ltr'>non</span> <span class='ocrx_word' id='word_1_812' title='bbox 2185 2934 2309 2974; x_wconf 86' lang='lat' dir='ltr'>solum</span> <span class='ocrx_word' id='word_1_813' title='bbox 2339 2937 2380 2974; x_wconf 82' lang='lat' dir='ltr'>in</span> 
     </span>
     <span class='ocr_line' id='line_1_115' title="bbox 1266 2985 2376 3043; baseline 0.003 -18"><span class='ocrx_word' id='word_1_814' title='bbox 1266 2985 1470 3040; x_wconf 81' lang='lat' dir='ltr'>religione,</span> <span class='ocrx_word' id='word_1_815' title='bbox 1499 2988 1562 3025; x_wconf 89' lang='lat' dir='ltr'>sed</span> <span class='ocrx_word' id='word_1_816' title='bbox 1593 2986 1626 3023; x_wconf 73' lang='lat'>8&lt;</span> <span class='ocrx_word' id='word_1_817' title='bbox 1649 2989 1686 3025; x_wconf 90' lang='lat' dir='ltr'>in</span> <span class='ocrx_word' id='word_1_818' title='bbox 1715 2987 1805 3027; x_wconf 83' lang='lat' dir='ltr'>aliis</span> <span class='ocrx_word' id='word_1_819' title='bbox 1833 2990 1949 3027; x_wconf 85' lang='lat' dir='ltr'>etiam</span> <span class='ocrx_word' id='word_1_820' title='bbox 1977 2989 2291 3043; x_wconf 86' lang='lat' dir='ltr'>quibuscumque</span> <span class='ocrx_word' id='word_1_821' title='bbox 2318 3002 2376 3027; x_wconf 78' lang='lat' dir='ltr'>re-</span> 
     </span>
     <span class='ocr_line' id='line_1_116' title="bbox 1263 3041 2376 3096; baseline -0.001 -17"><span class='ocrx_word' id='word_1_822' title='bbox 1263 3041 1364 3090; x_wconf 83' lang='lat' dir='ltr'>bus,</span> <span class='ocrx_word' id='word_1_823' title='bbox 1408 3042 1559 3080; x_wconf 88' lang='lat' dir='ltr'>nonnisi</span> <span class='ocrx_word' id='word_1_824' title='bbox 1590 3042 1638 3080; x_wconf 89' lang='lat' dir='ltr'>iis</span> <span class='ocrx_word' id='word_1_825' title='bbox 1667 3041 1786 3080; x_wconf 88' lang='lat' dir='ltr'>tribui</span> <span class='ocrx_word' id='word_1_826' title='bbox 1831 3057 1965 3096; x_wconf 80' lang='lat' dir='ltr'>posse,</span> <span class='ocrx_word' id='word_1_827' title='bbox 2008 3045 2075 3096; x_wconf 88' lang='lat' dir='ltr'>qui</span> <span class='ocrx_word' id='word_1_828' title='bbox 2118 3045 2300 3082; x_wconf 87' lang='lat' dir='ltr'>omnibus</span> <span class='ocrx_word' id='word_1_829' title='bbox 2326 3041 2376 3079; x_wconf 83' lang='lat' dir='ltr'>ad</span> 
     </span>
     <span class='ocr_line' id='line_1_117' title="bbox 1262 3095 2376 3149; baseline -0.002 -16"><span class='ocrx_word' id='word_1_830' title='bbox 1262 3104 1410 3133; x_wconf 84' lang='lat' dir='ltr'>certum</span> <span class='ocrx_word' id='word_1_831' title='bbox 1454 3095 1644 3147; x_wconf 84' lang='lat' dir='ltr'>judicium</span> <span class='ocrx_word' id='word_1_832' title='bbox 1674 3095 1876 3136; x_wconf 83' lang='lat' dir='ltr'>ferendum</span> <span class='ocrx_word' id='word_1_833' title='bbox 1913 3095 2085 3135; x_wconf 68' lang='lat' dir='ltr'>i&#39;nstrusti</span> <span class='ocrx_word' id='word_1_834' title='bbox 2116 3107 2200 3136; x_wconf 88' lang='lat' dir='ltr'>sunt</span> <span class='ocrx_word' id='word_1_835' title='bbox 2245 3095 2376 3149; x_wconf 80' lang='lat' dir='ltr'>praesi-</span> 
     </span>
     <span class='ocr_line' id='line_1_118' title="bbox 1263 3149 2374 3207; baseline 0 -21"><span class='ocrx_word' id='word_1_836' title='bbox 1263 3149 1335 3187; x_wconf 88' lang='lat' dir='ltr'>diis</span> <span class='ocrx_word' id='word_1_837' title='bbox 1353 3176 1364 3187; x_wconf 93' lang='lat'><strong><em>.</em></strong></span> <span class='ocrx_word' id='word_1_838' title='bbox 1394 3150 1442 3187; x_wconf 89' lang='lat' dir='ltr'>lis</span> <span class='ocrx_word' id='word_1_839' title='bbox 1471 3158 1598 3188; x_wconf 88' lang='lat' dir='ltr'>autem</span> <span class='ocrx_word' id='word_1_840' title='bbox 1620 3150 1831 3188; x_wconf 84' lang='lat' dir='ltr'>maximam</span> <span class='ocrx_word' id='word_1_841' title='bbox 1860 3151 2062 3190; x_wconf 87' lang='lat' dir='ltr'>hominum</span> <span class='ocrx_word' id='word_1_842' title='bbox 2093 3161 2240 3205; x_wconf 80' lang='lat' dir='ltr'>partem</span> <span class='ocrx_word' id='word_1_843' title='bbox 2268 3160 2374 3207; x_wconf 67' lang='lat' dir='ltr'>care·-</span> 
     </span>
     <span class='ocr_line' id='line_1_119' title="bbox 1264 3202 2371 3259; baseline 0 -19"><span class='ocrx_word' id='word_1_844' title='bbox 1264 3215 1305 3240; x_wconf 89' lang='lat' dir='ltr'>re</span> <span class='ocrx_word' id='word_1_845' title='bbox 1333 3202 1419 3254; x_wconf 77' lang='lat' dir='ltr'>jam.</span> <span class='ocrx_word' id='word_1_846' title='bbox 1443 3212 1630 3242; x_wconf 86' lang='lat' dir='ltr'>ostensum</span> <span class='ocrx_word' id='word_1_847' title='bbox 1661 3213 1743 3242; x_wconf 89' lang='lat' dir='ltr'>est.</span> <span class='ocrx_word' id='word_1_848' title='bbox 1786 3205 1870 3243; x_wconf 87' lang='lat' dir='ltr'>Imo</span> <span class='ocrx_word' id='word_1_849' title='bbox 1897 3215 2253 3259; x_wconf 81' lang='lat' dir='ltr'>quantumcumque</span> <span class='ocrx_word' id='word_1_850' title='bbox 2294 3208 2371 3239; x_wconf 80' lang='lat' dir='ltr'>smt</span> 
     </span>
     <span class='ocr_line' id='line_1_120' title="bbox 1263 3255 2371 3311; baseline -0.002 -18"><span class='ocrx_word' id='word_1_851' title='bbox 1263 3256 1385 3309; x_wconf 86' lang='lat' dir='ltr'>aliqui</span> <span class='ocrx_word' id='word_1_852' title='bbox 1417 3259 1456 3294; x_wconf 89' lang='lat' dir='ltr'>in</span> <span class='ocrx_word' id='word_1_853' title='bbox 1486 3259 1602 3296; x_wconf 86' lang='lat' dir='ltr'>sacris</span> <span class='ocrx_word' id='word_1_854' title='bbox 1630 3257 1792 3308; x_wconf 82' lang='lat' dir='ltr'>litteris,</span> <span class='ocrx_word' id='word_1_855' title='bbox 1835 3259 2028 3311; x_wconf 86' lang='lat' dir='ltr'>rebusque</span> <span class='ocrx_word' id='word_1_856' title='bbox 2056 3255 2276 3305; x_wconf 83' lang='lat' dir='ltr'>theologicis</span> <span class='ocrx_word' id='word_1_857' title='bbox 2301 3267 2371 3306; x_wconf 79' lang='lat' dir='ltr'>pe-</span> 
     </span>
     <span class='ocr_line' id='line_1_121' title="bbox 1262 3308 2369 3359; baseline -0.002 -11"><span class='ocrx_word' id='word_1_858' title='bbox 1262 3311 1353 3359; x_wconf 88' lang='lat' dir='ltr'>riti,</span> <span class='ocrx_word' id='word_1_859' title='bbox 1397 3310 1524 3350; x_wconf 88' lang='lat' dir='ltr'>adhuc</span> <span class='ocrx_word' id='word_1_860' title='bbox 1552 3321 1679 3350; x_wconf 84' lang='lat' dir='ltr'>tamen</span> <span class='ocrx_word' id='word_1_861' title='bbox 1708 3325 1784 3350; x_wconf 91' lang='lat' dir='ltr'>non</span> <span class='ocrx_word' id='word_1_862' title='bbox 1825 3315 1906 3352; x_wconf 88' lang='lat' dir='ltr'>sine</span> <span class='ocrx_word' id='word_1_863' title='bbox 1949 3324 2097 3351; x_wconf 84' lang='lat' dir='ltr'>summa</span> <span class='ocrx_word' id='word_1_864' title='bbox 2139 3308 2369 3359; x_wconf 68' lang='lat' dir='ltr'>arrogantiae</span> 
     </span>
    </p>
   </div>
   <div class='ocr_carea' id='block_1_5' title="bbox 1261 3359 2371 3456">
    <p class='ocr_par' dir='ltr' id='par_1_14' title="bbox 1261 3359 2371 3456">
     <span class='ocr_line' id='line_1_122' title="bbox 1261 3359 2371 3422; baseline -0.005 -19"><span class='ocrx_word' id='word_1_865' title='bbox 1261 3373 1350 3405; x_wconf 79' lang='lat' dir='ltr'>nota</span> <span class='ocrx_word' id='word_1_866' title='bbox 1378 3374 1652 3419; x_wconf 64' lang='lat' dir='ltr'>praesumerent</span> <span class='ocrx_word' id='word_1_867' title='bbox 1679 3379 1726 3407; x_wconf 85' lang='lat' dir='ltr'>ea.</span> <span class='ocrx_word' id='word_1_868' title='bbox 1759 3367 1979 3407; x_wconf 77' lang='lat' dir='ltr'>examinare</span> <span class='ocrx_word' id='word_1_869' title='bbox 1996 3393 2008 3414; x_wconf 85' lang='lat'>,</span> <span class='ocrx_word' id='word_1_870' title='bbox 2050 3375 2138 3416; x_wconf 76' lang='lat' dir='ltr'>quae</span> <span class='ocrx_word' id='word_1_871' title='bbox 2166 3359 2339 3422; x_wconf 57' lang='lat' dir='ltr'>Ecclesia</span> <span class='ocrx_word' id='word_1_872' title='bbox 2356 3389 2371 3411; x_wconf 90' lang='lat'>,</span> 
     </span>
     <span class='ocr_line' id='line_1_123' title="bbox 2276 3427 2319 3456; baseline -0.047 0"><span class='ocrx_word' id='word_1_873' title='bbox 2276 3427 2319 3456; x_wconf 83' lang='lat' dir='ltr'>m</span> 
     </span>
    </p>
   </div>
  </div>
 </body>
</html>
