2564 3706
864 97 945 145 DE
978 94 1546 145 INDIFFERENTISMO
1562 126 1573 141 .

65 181 258 240 thargicis
296 179 544 234 phreneticos
560 178 729 232 faciunt
744 194 760 226 ;
807 185 911 220 inter
939 195 1035 233 quos
1072 194 1178 220 mor-

66 238 131 277 bos
148 270 158 288 ,
187 250 280 277 cum
314 238 357 273 sit
377 243 539 286 uterque
569 235 797 287 plerumque
819 235 1046 287 mortiferus
1065 266 1075 284 ,
1104 235 1178 273 boc

65 301 207 332 tamen
234 295 425 337 interest,
468 288 571 340 quod
598 288 808 342 lethargici
835 293 922 328 sine
951 290 1090 329 aliena,
1118 303 1179 328 ve-

62 350 228 386 xatione
249 346 471 381 moriuntur
486 357 501 387 ‚·
530 341 780 391 phreneticus
796 352 933 382 autem
964 344 1097 381 multis
1112 356 1180 381 sa-

63 403 154 447 nis,
201 397 251 438 ώ·
280 400 327 435 iis
354 399 603 447 potissimum
620 426 631 445 ,
679 401 743 448 qui
772 398 902 435 colunt
942 396 1148 436 subvenire
1169 426 1180 445 ,

63 450 299 491 metuendus
327 459 412 489 est.
442 449 527 487 Non
547 450 666 488 simus
695 452 810 502 igitur
839 450 1068 503 lethargici,
1099 451 1180 488 sine

59 505 298 546 evidentibus
327 502 596 544 credibilitatis
617 506 768 544 motivis
799 504 934 543 leviter
963 504 1179 553 credentes,

61 559 165 612 quod
194 557 463 598 Mahumetani
492 557 663 604 saciunt3
706 572 775 596 nec
805 559 845 596 in
874 558 1093 610 oppositum
1123 558 1180 595 vi-

61 614 161 651 tium
190 614 424 650 incurrentes
453 611 571 649 simus
601 610 839 664 phrenetici,
868 612 1052 663 mysteria
1080 611 1181 649 divi-

59 679 109 704 m
138 664 329 705 imbecilli
371 674 509 703 uostrae
540 667 675 703 rationi
720 666 862 704 furiose
898 664 1146 715 subjicientes
1169 689 1177 698 .

62 719 213 771 Dignus
240 727 321 767 est,
351 719 419 771 qui
449 717 520 758 hac
541 719 586 756 de
615 733 655 757 re
683 718 834 770 legatur
853 717 1060 770 Angelieus
1089 717 1179 756 Lib.

61 773 95 812 Ι.
125 786 215 812 con.
248 771 368 811 Gent.
398 786 484 824 cap.
505 772 545 811 6.
564 803 574 821 ‚
613 772 681 811 ubi
710 772 933 811 discrimina
966 770 1085 809 multa
1114 783 1179 808 nos

56 827 188 876 ‘i-nter,
232 825 266 862 &
295 825 591 867 Mahumetauos
617 826 786 866 breviter
813 824 960 874 simul,
1005 823 1039 861 8:
1067 823 1181 863 lucu-

59 877 163 922 lente
190 880 379 920 ostendit.

404 984 688 1027 CAPUT
769 982 839 1022 VI.

60 1092 402 1142 Demonstratur‚
444 1105 538 1140 eos,
574 1094 639 1142 qui
669 1094 778 1129 viam
808 1092 1015 1129 examinis
1044 1092 1086 1126 in
1117 1086 1181 1126 Fi-

115 1148 178 1186 dei
206 1149 480 1186 controversiis
508 1147 661 1182 institui
690 1144 847 1192 volunt,
877 1146 1110 1181 necessario
1140 1147 1182 1181 in

115 1201 475 1248 Tolerantismum,
503 1211 574 1238 seu
602 1198 970 1238 Indifferentismum
999 1195 1108 1236 labi.

117 1321 208 1348 111.
226 1285 475 1354 Tolerantia
496 1305 639 1359 duplex
667 1314 748 1355 est,
778 1305 856 1344 alia
876 1306 997 1344 civilis
1014 1335 1024 1353 ,
1054 1305 1088 1342 &
1117 1317 1184 1355 po-

59 1361 173 1401 {itica
189 1391 200 1410 ,
231 1375 308 1414 qua
329 1360 474 1399 scilicet
490 1359 690 1412 Principes
707 1390 717 1409 ,
748 1359 782 1397 δε
812 1373 940 1398 rerum
963 1357 1075 1411 publ.
1096 1357 1184 1397 Ma-

59 1418 240 1468 gistratus
276 1415 519 1454 diversarum
549 1413 794 1465 Religionum
836 1413 1009 1452 homines
1039 1414 1082 1451 in
1107 1413 1187 1450 suis

59 1468 268 1509 ditionibus
296 1468 455 1506 tolerant
471 1482 483 1514 3
527 1466 605 1506 alia
633 1468 821 1521 religiosa
838 1498 849 1516 ,
879 1467 913 1504 8(
942 1466 1186 1518 theologica,

62 1537 143 1576 qua
173 1523 211 1560 in
242 1520 453 1574 Religionis
487 1522 638 1573 negotio
666 1520 797 1574 ampla
827 1522 1038 1574 uuicuique
1069 1520 1186 1558 liber-

60 1585 116 1616 tas
146 1576 394 1624 conceditur,
443 1583 484 1613 ut
512 1588 602 1627 quae
632 1575 706 1626 ipsi
735 1575 919 1613 sententia
947 1575 1073 1613 verior
1102 1575 1186 1613 visa

61 1631 178 1669 fuerit
194 1659 208 1677 ,
235 1643 320 1667 eam
338 1629 423 1667 sine
451 1627 534 1665 ullo
561 1626 693 1666 salutis
713 1628 886 1680 periculo
906 1629 1058 1680 adoptet
1088 1627 1152 1678 (a)
1171 1653 1182 1665 .

64 1684 157 1722 Fuit
199 1682 262 1720 hic
303 1694 408 1720 error
436 1679 587 1733 Apellis
616 1679 789 1719 haeretici
820 1681 963 1719 saeculo
992 1682 1040 1719 11.
1059 1711 1069 1730 ,
1113 1681 1185 1733 qui

61 1747 103 1776 ut
122 1735 315 1775 Eusebius
342 1743 473 1774 narrat
492 1732 598 1772 Hesi.
615 1733 772 1773 Eccles.
794 1736 883 1774 Lib.
901 1735 950 1773 V.
981 1748 1068 1786 cap.
1097 1735 1156 1773 15.
1170 1764 1182 1783 ,

60 1789 272 1830 asserebat
287 1801 373 1828 esse
388 1801 470 1826 non
490 1791 654 1826 omnino
669 1788 1002 1827 examinandam
1021 1787 1155 1840 fidem
1169 1802 1183 1833 ;

63 1843 135 1884 sed
155 1853 473 1894 unumquemque
501 1845 543 1879 in
572 1855 618 1879 eo
635 1871 646 1890 ,
676 1841 779 1893 quod
792 1843 918 1880 semel
947 1840 1183 1890 imbibisset,

62 1905 260 1950 praestare
287 1904 494 1948 oportere.
540 1893 692 1946 Quippe
721 1909 816 1944 eos,
847 1900 912 1948 qui
941 1901 982 1933 in
1016 1894 1183 1948 Crucifi-

65 1964 123 1990 πο
151 1963 265 2000 spem
292 1962 412 1986 suam
441 1949 730 1997 collocassent,
761 1949 978 1988 servandos
1008 1962 1093 1986 esse
1116 1947 1182 1999 as-

53 2003 234 2058 firmat,
281 2001 498 2042 dummodo
538 2005 582 2040 in
609 2000 721 2040 bonis
748 2002 928 2054 operibus
965 2000 1184 2054 deprehen-

113 2184 163 2221 (α)
186 2180 286 2214 Joan.
312 2178 389 2214 Jac.
415 2178 654 2215 Rousseavius
688 2178 781 2213 hanc
818 2176 1075 2214 distinctionem
1104 2178 1188 2212 irri-

63 2225 152 2269 det,
189 2235 228 2260 ut
253 2228 426 2272 puerilem
451 2225 562 2264 &mile
600 2226 703 2259 'I'om-
731 2226 791 2258 m.
827 2237 862 2270 p.
895 2237 973 2269 172.
1010 2226 1044 2258 in
1071 2233 1184 2266 nota5

64 2275 147 2320 quis
174 2274 269 2311 enim
295 2287 362 2307 non
387 2272 531 2313 videat,
569 2270 664 2305 aliud
690 2283 789 2311 esse,
832 2271 992 2305 homines
1024 2281 1184 2306 errantes

67 2321 244 2361 tolerare3
272 2318 368 2354 aliud
395 2320 543 2352 tolerare
569 2328 692 2354 eorum
711 2329 846 2351 errores
864 2340 874 2359 ‚
900 2319 1001 2364 quasi
1030 2318 1185 2352 111111131-

66 2375 175 2400 ternae
203 2368 361 2412 ipsorum
385 2366 491 2398 saluti
519 2367 694 2399 noceant?
734 2365 853 2399 Prima
879 2366 1068 2399 tolerantia
1096 2366 1185 2399 civi-

65 2413 137 2446 lem
152 2412 259 2456 hujus
278 2410 402 2446 mnndi
415 2411 526 2445 vitam
545 2412 715 2457 respicit,
733 2413 845 2446 altera
865 2421 1054 2445 aeternain.
1082 2413 1182 2446 Hanc

65 2466 187 2492 tamen
209 2455 465 2491 distinetionem
484 2467 603 2503 postea
620 2459 768 2503 probare
787 2459 884 2492 visus
899 2467 950 2493 est
965 2458 1057 2492 idem
1071 2461 1185 2493 Rous-

66 2505 205 2538 seavius
243 2505 279 2537 in
304 2505 407 2549 epist.
447 2503 490 2538 ad
518 2504 780 2549 Archiepisoop.
808 2504 944 2544 Paris.;
983 2504 1042 2537 sed
1069 2507 1182 2539 solitis

68 2552 141 2585 suis
168 2549 357 2584 paradoxis
383 2549 568 2595 indulgens
594 2551 819 2586 tolerantiam
847 2550 1080 2595 theologicam
1101 2564 1185 2597 pro-

64 2597 127 2633 bat
143 2618 154 2637 ‚
178 2596 321 2630 civilem
337 2617 347 2636 ,
374 2600 407 2629 δε
431 2598 610 2640 politicam
637 2596 781 2631 damnat
797 2619 806 2628 .

117 2645 166 2683 (b)
191 2641 403 2688 Hujusmodi
433 2643 765 2677 lnrlifferentismum
784 2643 1039 2687 profitebantur
1057 2644 1183 2688 Spino-

69 2702 110 2724 za
137 2694 174 2723 ἱνι
200 2694 344 2724 trullam
369 2689 563 2734 theologico
589 2693 735 2734 politico
761 2692 806 2724 cle
831 2691 993 2724 libertate
1027 2691 1184 2734 philoro-

68 2737 228 2781 phandi,
271 2737 446 2770 Antonius
472 2738 688 2778 Collinsius,
728 2738 783 2771 Jo.
812 2736 1016 2776 'I'olandus‚
1052 2738 1184 2782 aliique

68 2782 179 2828 hujus
205 2783 376 2823 furfuris,
416 2795 569 2828 qtmrum
597 2784 773 2818 libertatis
807 2784 981 2829 specimen
1018 2783 1184 2818 exhibere

71 2841 216 2876 possum
227 2829 345 2863 verbis
360 2829 494 2864 Theed.
515 2829 604 2864 Lud.
634 2832 707 2865 Lau
721 2831 755 2864 in
768 2831 978 2876 impiissimo
992 2842 1109 2875 opere,
1127 2831 1184 2864 cni

72 2876 200 2910 vitulus
215 2891 226 2909 :
252 2876 508 2911 Meditation-es
526 2878 773 2923 philosopliicae
791 2880 834 2912 de
855 2876 953 2918 Deo,
977 2879 1119 2918 mancio,
1146 2881 1187 2911 <y

73 2923 209 2956 homine
235 2935 340 2968 supra
366 2924 487 2957 relatis
512 2924 553 2967 111
575 2924 610 2956 Ρ.
638 2926 663 2958 1.
699 2925 848 2958 Dissert.
876 2926 918 2957 11.
945 2937 979 2957 n.
1010 2925 1086 2966 124.
1116 2932 1186 2958 not·

75 2974 122 3010 (a)
150 2968 265 3014 Hujus
303 2970 592 3011 indifferentismi
629 2972 841 3016 professores
867 2978 1042 3004 vocantur
1079 2971 1188 3004 etiam

75 3015 335 3050 Latitudinurii
351 3037 362 3055 ,
389 3016 444 3050 vel
462 3015 656 3051 Moralistae
670 3039 680 3057 ,
705 3019 789 3063 quia
814 3031 833 3052 a
852 3018 923 3051 suis
949 3017 1088 3051 asseclis
1109 3018 1188 3050 nul-

77 3062 150 3096 lam
175 3063 321 3107 exigunt
345 3060 553 3107 dogmatum
579 3062 704 3106 fidem,
737 3064 798 3099 sed
824 3065 937 3099 solum
962 3076 1101 3098 morum
1125 3063 1189 3098 ho-

77 3117 251 3142 nestatem
269 3132 278 3141 ·
936 3120 940 3124 ’

132 3160 180 3193 (ο)
212 3156 340 3189 Fuerat
365 3155 430 3189 hoc
457 3163 612 3200 systema
637 3169 655 3190 a
681 3158 856 3203 plerisque
882 3157 1095 3191 delineatum
1111 3179 1122 3198 ‚
1148 3165 1187 3191 ut

82 3201 166 3234 aJo.
181 3201 328 3236 Claudio
354 3202 511 3247 Defense
537 3204 582 3250 cle
606 3205 641 3237 la
658 3203 822 3247 Religion
840 3205 1019 3249 Reforme'e
1033 3227 1043 3246 ,
1068 3217 1086 3238 a
1107 3206 1186 3238 Ma-

79 3247 246 3281 strezatio
272 3248 391 3283 Tra-ite'
425 3251 469 3283 de
501 3250 684 3290 I’Egl-ise,
718 3251 762 3284 ab
789 3252 995 3286 Hnisseavio
1021 3251 1187 3284 Ministro

81 3294 312 3328 salmuriensi
331 3296 365 3328 111
383 3296 475 3331 libro
492 3299 527 3330 la
543 3296 693 3330 Ιῖέιιηίοη
707 3299 752 3330 clu
765 3297 1059 3333 Christianisme(
1074 3309 1187 3341 ‹pian-

78 3351 189 3386 quam
215 3340 272 3373 hic
298 3340 451 3376 habenas
469 3344 655 3387 plusquam
675 3343 752 3376 aliis
770 3344 931 3388 laxavit,
956 3345 992 3379 in
1009 3357 1071 3379 sua
1082 3343 1187 3379 Chri-

186 3385 428 3442 Gazzaniga
460 3388 591 3432 Tbeol.
621 3389 734 3431 Tom.
763 3390 797 3432 Ι.

2217 101 2302 158 169

1246 178 1458 217 cierent-ur.
1488 176 1659 215 Eandem
1690 176 1867 218 haeresim
1887 175 1928 219 S.
1951 179 2182 234 Augustinus
2210 192 2239 217 a
2259 178 2362 218 Rhea

1246 237 1343 271 torio
1357 230 1534 284 quodam
1562 240 1752 268 exortam
1767 246 1811 269 ex
1828 232 2029 273 philastrio
2049 236 2162 274 refert
2191 233 2239 271 de
2259 232 2359 272 Hoe-

1247 285 1397 326 resibus
1426 299 1463 324 n.
1486 297 1550 338 72.
1594 297 1683 335 quoe
1713 297 1854 323 omnes
1883 287 2106 327 Haereticos
2134 288 2237 326 regie
2269 301 2361 326 am·

1248 340 1411 388 balare,
1458 338 1508 380 Θ·
1536 350 1631 376 vera.
1661 337 1793 376 elicere
1822 339 2036 387 affirmat,-
2078 342 2179 392 quod
2213 346 2271 379 ita,
2301 350 2361 380 est

1249 393 1493 442 absurdum,
1537 391 1664 430 subdit
1692 391 1734 430 S.
1765 391 1871 430 Pater
1890 423 1900 440 ,
1937 403 1978 430 uc
2007 395 2103 432 milii
2138 395 2364 434 incredibile

1249 448 1451 488 rideatur.
1473 444 1826 499 (Vid.Philastrius
1837 445 1886 483 de
1897 445 2128 485 Hoeresibus
2143 463 2325 501 nuin.9o.
2342 450 2359 498 )

1310 516 1398 540 112.
1428 501 1503 539 Sed
1532 500 1634 552 quod
1655 499 1786 538 Sanct.
1808 499 2021 550 Augustino
2049 514 2201 554 prorsus
2230 502 2364 540 absura

1249 555 1371 604 dum,
1419 563 1534 607 atque
1563 552 1791 591 incredibile
1821 553 2047 602 videbatur,
2096 567 2162 592 nos
2200 559 2365 607 propriis

1248 609 1370 648 oculis
1399 607 1658 658 conspicimus
1675 633 1685 644 .
1715 608 1766 644 lis
1785 608 1889 645 enim
1919 609 2089 647 vivimus
2108 610 2366 660 temporibus,

1247 663 1287 701 in
1316 662 1458 715 quibus
1478 658 1844 708 Inclifferentismus
1875 661 1947 699 heu
1977 661 2188 715 quantumi
2219 677 2366 714 grassa«

1249 724 1311 753 tur
1334 742 1344 754 .
1391 713 1509 752 Porro
1538 713 1906 763 Inclifferentismus
1947 715 2186 769 theologicus
2229 718 2367 755 iterum

1278 769 1385 806 artiri
1415 767 1509 806 solet
1539 769 1577 807 in
1606 769 1903 818 universalem,
1952 783 2030 822 quo
2057 783 2186 808 omues
2216 784 2366 822 prorsus

1248 782 1493 872 lleligiones,
1537 822 1571 858 8<
1599 831 1710 859 sectae
1743 822 1983 875 probantur,
2032 825 2141 877 isque
2170 825 2248 862 fere
2277 838 2369 862 cum

1249 872 1536 912 Naturalismo
1554 905 1563 923 ,
1595 885 1659 914 aut
1689 877 1803 914 etiam
1826 875 1992 916 Deismo
2020 879 2195 917 convenit
2223 877 2304 929 (b);
2335 877 2369 915 ὃς

1249 927 1568 977 particularem,
1611 929 1650 966 in
1679 942 1757 981 quo
1785 929 1968 969 revelatio
2009 931 2142 970 divina
2183 940 2370 984 tanquam

1251 980 1353 1018 basis
1369 1010 1380 1028 ,
1409 980 1443 1016 8(
1459 981 1756 1021 fundamentum
1772 984 2012 1034 admittitur,
2043 986 2105 1023 sed
2123 986 2239 1025 variae
2255 987 2370 1023 Com-

1248 1035 1451 1073 muniones
1469 1063 1478 1080 ,
1510 1048 1598 1085 quae
1628 1035 1841 1074 doctrinam
1870 1053 1892 1075 a
1913 1038 1995 1074 Deo
2025 1039 2230 1078 revelatam
2252 1048 2370 1078 secta-

1248 1088 1284 1126 ri
1312 1101 1350 1126 se
1378 1087 1565 1135 credunt,
1614 1090 1762 1125 tametsi
1792 1103 1922 1127 secum
1965 1092 2056 1141 ipsis
2099 1095 2258 1131 omnino
2299 1106 2371 1145 pu-

1248 1151 1388 1193 gnent‚
1419 1153 1463 1178 ex
1495 1153 1609 1192 aequo
1636 1139 1876 1189 tolerantur,
1914 1155 1990 1179 11011
2020 1143 2144 1182 solum
2175 1145 2373 1185 tolerantia„

1249 1197 1351 1233 civili
1379 1194 1429 1235 ἶς’
1449 1193 1638 1244 politica,
1669 1193 1715 1231 de
1744 1209 1822 1247 qua
1851 1208 1916 1234 nos
1938 1197 2098 1234 minime
2113 1198 2373 1249 disputamus,

1250 1249 1316 1287 sed
1344 1249 1461 1286 etiam
1482 1247 1705 1300 theologica
1722 1277 1732 1295 ,
1763 1249 1859 1286 itant
1886 1251 2003 1301 possit
2032 1251 2291 1303 unusquisque
2320 1266 2377 1290 se-

1253 1301 1424 1340 cundum
1456 1311 1600 1342 rectam
1629 1300 1883 1353 Theologiam
1912 1304 1952 1341 in
1980 1318 2048 1342 sua
2084 1314 2184 1343 secta
2212 1304 2375 1344 salutem

1253 1364 1434 1408 consequi
1453 1382 1464 1394 .

1314 1410 1402 1448 115.
1433 1409 1512 1458 Qui
1556 1408 1658 1447 hunc
1688 1407 2080 1458 Inclifferent-ismum
2117 1411 2375 1464 profitentur,

1253 1477 1327 1503 non
1359 1463 1616 1515 undequaque
1646 1463 1742 1500 inter
1770 1476 1808 1500 se
1837 1465 2090 1503 concordant:
2122 1475 2209 1503 sunt
2238 1468 2341 1504 enim
2359 1497 2374 1515 ‚

1252 1519 1320 1570 qui
1350 1517 1580 1555 arctioribus
1621 1514 1814 1555 limitibus
1843 1517 2023 1555 eumdem
2052 1518 2264 1568 definiunt,
2308 1520 2373 1557 do-

1251 1579 1378 1609 centes
1406 1583 1467 1608 eos
1482 1570 1577 1609 solos
1607 1583 1683 1607 esse
1699 1569 1908 1608 tolerandos
1925 1601 1934 1619 ,
1965 1573 2034 1623 qui
2051 1573 2193 1610 nedum
2224 1574 2261 1610 iu
2282 1587 2374 1610 con-

1251 1625 1396 1663 fitenda.
1428 1623 1627 1675 Religione
1651 1623 1869 1669 ⁴Christiana
1888 1656 1898 1674 ,
1928 1627 1991 1663 sed
2021 1627 2135 1664 etiam
2168 1628 2204 1664 in
2235 1630 2374 1679 praeci-

1251 1680 1337 1731 puis
1367 1677 1602 1730 quibusdam
1623 1676 1793 1728 ejusdem
1813 1677 2021 1730 Religionis
2050 1679 2220 1719 articulis
2237 1710 2248 1727 ,
2278 1694 2373 1730 quos

1237 1731 1584 1786 jimtlizmentciles
1615 1741 1775 1779 vocant,
1819 1733 1917 1769 inter
1945 1747 1983 1770 se
2013 1735 2249 1771 consentiunt
2280 1735 2337 1785 (c)
2360 1761 2372 1772 .

1252 1786 1332 1825 Α111
1364 1799 1453 1825 vero
1482 1786 1520 1823 id
1537 1785 1649 1828 latins
1665 1785 1900 1834 extendunt,
1930 1787 2221 1834 contendentes,
2251 1800 2296 1825 ea
2316 1801 2376 1825 so-

1250 1839 1335 1878 111111
1365 1854 1441 1877 esse
1462 1840 1671 1877 necessario
1701 1837 1820 1876 veluti
1841 1839 2016 1889 dogmata
2040 1839 2130 1877 fidei
2159 1840 2372 1890 credenda,

1250 1894 1297 1931 de
1326 1893 1469 1945 quibus
1498 1906 1630 1930 omnes
1658 1891 1706 1928 ad
1738 1905 1860 1929 unum
1879 1892 2087 1931 Christiani
2117 1894 2375 1942 consentiunt3

1252 1959 1295 1983 ea
1338 1959 1461 1994 vero,
1511 1945 1551 1982 in
1595 1944 1739 1996 quibus
1783 1943 1918 1998 aliqua
1960 1946 2144 1986 dissensio
2172 1957 2256 1996 est,
2305 1961 2375 2002 pro

1251 1996 1475 2050 α’(ῗικφέσοις
1505 1998 1719 2052 reputanda
1747 1996 1810 2051 (d)
1828 2024 1841 2039 ο

2230 2056 2320 2102 114.

1253 2170 1454 2212 stianornm
1481 2172 1618 2209 unitate
1643 2174 1752 2209 etiam
1778 2173 1982 2209 Socinianos
2010 2174 2308 2221 comprehendens
2335 2183 2374 2220 ),

1253 2226 1285 2255 ἃ
1310 2224 1354 2257 ab
1381 2224 1480 2256 aliis.
1507 2221 1572 2254 Sed
1600 2233 1702 2255 nemo
1727 2222 1938 2267 explicatius
1954 2244 1964 2262 ‚
1991 2223 2167 2256 &clarius
2187 2223 2272 2256 illud
2293 2236 2373 2268 pro-⁴

1252 2271 1396 2315 posuit,
1433 2280 1540 2312 quam
1568 2269 1690 2301 Petrus
1715 2269 1838 2302 Jurius
1878 2269 1913 2301 in
1948 2269 2042 2302 libro
2067 2268 2176 2302 Verus
2202 2270 2372 2304 Ecclesia·

1253 2326 1412 2360 systema
1438 2316 1472 2348 in
1498 2316 1531 2348 8.
1559 2327 1577 2348 a
1604 2314 1803 2349 Dordrecht
1834 2314 1935 2348 1686.
1964 2319 1996 2347 8(
2022 2316 2055 2348 111
2084 2317 2221 2356 altero,
2263 2329 2370 2361 quem

1251 2363 1383 2397 Nicolii
1411 2361 1572 2396 trattatui
1599 2364 1642 2395 <le
1670 2365 1694 2396 l’
1710 2366 1804 2395 zznite
1821 2363 1863 2394 cle
1884 2357 2040 2407 l‘tfgltse
2058 2362 2289 2408 bienniopost
2308 2375 2372 2409 op-

1252 2411 1395 2455 posuit,
1421 2419 1502 2442 cum
1528 2408 1592 2441 hoc
1622 2408 1727 2442 titulo
1753 2408 1809 2441 De
1836 2413 1966 2442 imitate
1994 2408 2165 2443 Ecclesiae
2181 2431 2192 2450 ,
2217 2415 2258 2443 CT
2283 2415 2373 2444 arti·-

1254 2459 1344 2490 culis
1360 2457 1710 2501 fundamentalibus,
1745 2454 1957 2489 contendens
1974 2477 1985 2496 ,
2019 2468 2138 2489 omnes
2166 2468 2222 2489 eos
2248 2455 2291 2490 ad
2316 2470 2372 2491 es·

1251 2504 1437 2536 sentialem
1464 2503 1633 2536 Ecclesiae
1659 2503 1832 2535 unitatem
1868 2503 2070 2547 pertinere,
2113 2503 2172 2547 qui
2199 2505 2370 2538 veritates

1241 2551 1531 2595 fundamentales
1558 2558 1836 2582 conservarunt.
1863 2549 1958 2592 Quos
1986 2558 2103 2582 tamen
2130 2550 2240 2584 libros
2265 2551 2372 2585 simul

1252 2609 1332 2630 cum
1360 2598 1438 2630 aliis
1464 2596 1556 2629 Jnrii
1583 2596 1746 2639 operibus
1773 2597 1903 2629 acriter
1929 2608 1992 2640 pro
2009 2597 2370 2640 rneritoexagitavit,

1249 2645 1306 2676 vel
1345 2643 1436 2676 iuter
1476 2643 1565 2686 ipsos
1592 2641 1969 2676 Pseudo-Reiorum&
1997 2644 2094 2675 Elias
2121 2643 2292 2677 Saurinns
2332 2645 2370 2679 in

1252 2690 1424 2724 Eramlne
1451 2688 1793 2732 leeologz'ae-Jurii;
1832 2687 1922 2722 unde
1949 2689 2124 2733 majorum
2152 2699 2271 2734 postea
2296 2689 2370 2725 ‹lis-

1251 2737 1456 2770 sensionnm
1481 2737 1581 2780 origo
1606 2737 1691 2769 facta
1719 2744 1794 2776 est,
1821 2734 1862 2768 de
1888 2736 2017 2779 quihus
2043 2735 2085 2769 ad
2111 2749 2172 2770 nos
2200 2736 2288 2771 nihil
2315 2746 2371 2772 at·-

1253 2784 1343 2817 tinet
1369 2782 1484 2816 dicere
1501 2806 1509 2813 .
1535 2785 1667 2815 Contra
1691 2782 1833 2815 Jurinm
1859 2783 2026 2816 aemulum
2046 2795 2147 2816 sunm
2167 2783 2202 2816 in
2226 2794 2370 2818 scenam

1255 2831 1352 2864 venit
1378 2831 1485 2863 etiam
1513 2829 1638 2862 Baelins
1665 2827 1879 2872 lepidissimo
1906 2829 2019 2869 libro,
2045 2841 2150 2874 quem
2170 2830 2234 2864 snb
2253 2831 2370 2865 larva-

1258 2885 1294 2910 to
1320 2876 1458 2910 nomine
1485 2877 1566 2916 Cari
1596 2875 1782 2909 Larebonii
1809 2874 1918 2908 edidit
1950 2875 2052 2919 1692.
2087 2889 2166 2909 cum
2192 2876 2257 2910 hoc
2282 2878 2369 2912 titu-

1257 2924 1313 2956 lo:
1342 2922 1452 2956 Janna
1477 2925 1630 2957 caelorizm
1656 2930 1830 2955 reseruata
1845 2922 1981 2966 fimitis
2008 2922 2248 2967 Religionibus
2273 2937 2293 2958 a
2312 2938 2368 2958 ce*

1257 2971 1346 3003 lebri
1373 2972 1462 3003 ‹ulm-
1491 2973 1562 3002 viro
1588 2968 1689 3000 Petro
1716 2967 1838 3002 Jnriezi
1864 2971 1938 3002 &a
1976 2968 2081 3004 Porta
2107 2978 2229 3013 patens
2268 2980 2367 3013 esto,

1256 3019 1344 3050 nulli
1371 3018 1551 3050 claudatur
1576 3015 1718 3048 honesto
1735 3038 1743 3047 .
1770 3016 1848 3060 lpse
1873 3021 1989 3049 tamen
2010 3017 2124 3049 Belius
2143 3026 2297 3060 systema
2317 3027 2368 3051 to-

1256 3063 1415 3096 lerantiae
1443 3063 1543 3107 longe
1569 3061 1738 3106 majoris,
1774 3062 1844 3095 imo
1869 3061 2083 3096 latissimum
2110 3064 2366 3106 indifferentis·

1256 3122 1342 3143 mum
1369 3109 1403 3142 in
1431 3109 1623 3152 Religionis
1649 3109 1788 3153 negotio
1812 3108 1976 3142 invehere
2003 3111 2100 3143 nisus
2121 3120 2198 3150 est,
2225 3118 2367 3143 conten·

1255 3155 1364 3196 dens,
1390 3165 1675 3200 unumquemque
1702 3155 1811 3189 teneri
1831 3153 1873 3188 ad
1899 3166 1977 3189 eam
1994 3157 2192 3202 opinionem
2219 3166 2365 3198 sequen*

1255 3201 1361 3242 dam,
1386 3213 1492 3246 quam
1518 3210 1617 3247 putat
1642 3211 1715 3234 esse
1741 3213 1889 3242 vera-m,
1916 3215 1999 3243 seu,
2026 3212 2063 3236 nt
2091 3204 2160 3246 ipse
2186 3202 2363 3244 loquitur,

1255 3247 1298 3281 ad
1323 3247 1537 3293 sequendam
1565 3252 1739 3282 veritatem
1762 3253 1980 3293 putatitiam:
2010 3250 2121 3283 ‘Fomo
2140 3250 2180 3280 11.
2208 3248 2273 3290 Op-
2298 3259 2363 3292 pa-

1254 3307 1325 3341 gin.
1355 3306 1436 3338 219.

1302 3343 1355 3383 (cl)
1383 3343 1438 3376 ita
1463 3340 1609 3378 totidem
1644 3341 1716 3376 fere
1742 3342 1858 3377 verbis
1882 3341 1936 3375 Jo.
1963 3341 2118 3377 Clericus
2155 3338 2190 3372 in
2215 3339 2364 3376 Dissert.

1687 3401 1736 3427 22
