2564 3706
247 104 332 160 178

180 194 262 223 tum
282 214 291 229 ‚
321 190 361 218 ut
379 179 585 228 zmicuique
602 187 675 226 pro
700 178 853 215 meritis
873 174 1101 214 mercedem
1115 172 1281 220 tribuat,

179 235 390 276 credebant
421 233 484 284 (a)
504 257 514 269 .
1073 258 1079 264 .

237 288 323 326 161.
357 286 467 338 Resp.
498 283 730 331 Saducaeos,
773 282 942 335 aliosque
984 279 1181 318 haereticos
1210 276 1284 312 mi·

178 345 283 380 nime
305 340 417 378 fuisse
447 338 618 376 toleratos
638 339 676 376 in
697 336 862 389 Republ.
882 335 1040 373 Judaiea
1057 360 1066 378 ‚
1095 337 1282 388 quantum

178 397 224 434 ad
258 407 392 431 eorum
421 392 628 430 doctrinam
646 417 656 429 .
700 389 961 438 Quamobrem
990 382 1173 434 Josephus
1203 394 1283 433 ipse

178 460 267 488 mox
297 446 560 498 allegatus⁸ita
589 445 731 498 pergit:
762 443 803 480 Si
832 438 990 492 quando
1019 438 1283 486 magistratus

177 510 320 554 gerunt
349 503 455 538 inriti
476 530 486 548 ‚
523 499 572 539 (9⁶
600 501 835 537 necessitate
862 489 1014 537 concii,
1058 488 1282 525 Pharisaeo-

178 568 266 593 rum
288 557 461 605 opinioni
480 557 769 595 assentiuntur,
798 543 897 595 quod
915 557 984 581 eos
1004 542 1180 592 alioquin
1199 554 1281 578 non

166 607 301 661 ferret
330 608 515 658 pomdus.
554 605 600 643 Et
631 601 755 640 Rahbi
787 597 962 636 Manassae
989 596 1065 634 ssen
1095 594 1209 633 Israel
1239 595 1280 634 iu

179 664 306 715 primo
335 647 400 700 suo
420 659 517 698 libro
546 658 593 694 <ie
622 649 905 692 resurreflione
934 658 1113 697 testatur,
1144 647 1194 686 ab
1215 662 1284 686 an·

179 718 294 769 tiquis
322 715 464 752 Judaeis
493 724 577 757 eos,
608 709 674 759 qui
703 706 845 744 animan
867 702 1192 742 immortalitatem
1221 716 1284 740 ne-

177 769 344 820 gabant,
374 780 444 804 uon
467 765 577 801 fuisse
606 764 703 798 inter
718 757 902 796 Israelitas
924 766 1110 809 reputatos
1126 782 1137 793 .
1168 754 1284 794 Tole-

182 823 305 861 tantia
334 822 459 871 itaque
489 815 556 853 illa
585 822 662 851 erat
682 825 785 850 mere
813 810 969 860 civilis,
1000 824 1074 848 non
1102 808 1283 861 theologi-

180 888 247 914 ca.
284 873 395 921 Quod
423 871 452 908 si
484 869 565 905 haec
593 866 792 905 tolerantia
821 863 1037 912 sufficeret,
1080 863 1166 901 inde
1195 876 1282 915 pro-

179 928 357 972 baretur,
378 924 491 961 etiam
506 919 743 959 tolerandam
763 932 840 957 esse
861 917 1141 962 idololatriam
1161 930 1285 969 quan-

177 979 382 1030 doquidem
410 988 486 1014 non
515 975 657 1027 pauci,
694 986 765 1011 nec
793 981 872 1010 tam
900 984 986 1010 raro
1015 971 1158 1010 inventi
1189 971 1285 1009 inter

178 1032 362 1070 Hebraeos
389 1037 472 1067 sunt
501 1027 763 1066 nefandissimi
792 1024 907 1077 hujus
935 1026 1110 1064 criminis
1139 1025 1221 1061 rei.

237 1083 325 1123 162.
354 1082 447 1134 Obj.
471 1083 507 1120 5.
537 1082 578 1119 Ιι1
606 1081 763 1118 exordio
791 1080 972 1117 nascentis
992 1077 1176 1116 Ecclesiae
1199 1075 1285 1129 plu-

176 1139 268 1177 rimi
297 1145 402 1175 erant
421 1136 668 1174 *Judatzantes
683 1163 693 1181 ,
725 1143 764 1171 ut
783 1132 968 1170 Nazareni
986 1162 997 1180 ,
1027 1130 1172 1182 aliique
1193 1144 1285 1167 con·

176 1192 367 1230 tendentes
383 1219 394 1237 ‚
423 1188 703 1227 observantiam
724 1186 818 1238 legis
838 1184 1020 1224 Mosaicae
1041 1197 1118 1221 esse
1147 1183 1195 1220 ad
1229 1197 1287 1220 sa·

179 1244 300 1283 lutem
328 1244 580 1282 necessariam
598 1271 609 1289 ‚
651 1249 781 1278 contra
810 1252 852 1277 ac
883 1240 922 1275 iu
950 1235 1121 1275 Concilio
1150 1235 1285 1272 Hiero-

179 1298 408 1344 solvmitano
437 1296 639 1334 definitum
668 1293 813 1330 fuerat:
850 1299 886 1327 at
916 1302 1004 1327 vero
1031 1287 1286 1326 nihilominus

179 1344 403 1390 hi‘fuerunt
432 1350 575 1398 ubique
603 1345 771 1388 tolerati;
808 1345 887 1381 imo
915 1349 1069 1379 testatur
1098 1339 1288 1378 Eusebius

179 1403 252 1443 lib.
275 1403 343 1441 1V.
364 1399 470 1439 Hist.
491 1399 606 1437 Eccl.
625 1411 711 1448 cap.
735 1397 772 1434 5.
789 1397 931 1447 primos
951 1394 1173 1446 quindecim
1195 1393 1288 1430 Hie-

179 1455 466 1508 rosolymitanae
496 1451 681 1491 Ecclesiae
713 1450 922 1501 Episcopos
951 1461 996 1485 ex
1025 1447 1288 1485 circumcisio·

176 1523 224 1548 ne
245 1509 377 1547 fuissse
395 1534 406 1545 .
435 1507 476 1544 Id
498 1518 611 1558 porro
631 1517 702 1542 non
731 1503 808 1541 alia
837 1503 982 1540 ratione
1011 1499 1199 1552 explicari
1221 1513 1288 1552 po-

177 1571 274 1612 test,
304 1563 376 1600 nisi
404 1561 496 1614 quia
515 1557 737 1611 hujusmodi
765 1568 870 1595 error
897 1553 1193 1594 fundamentalis
1213 1567 1290 1592 non

179 1625 260 1655 erat
281 1642 292 1653 .

238 1669 327 1709 165.
357 1667 470 1720 Resp.
511 1679 602 1706 cum
637 1662 679 1704 S.
709 1663 862 1702 Thoma
897 1676 930 1701 1.
963 1675 1000 1700 2.
1029 1670 1164 1714 quaest.
1201 1660 1290 1699 105.

181 1733 255 1763 art.
278 1724 314 1769 4.
344 1722 392 1760 ad
418 1735 451 1759 1.
482 1721 556 1758 tria
596 1728 768 1770 tempora
795 1719 900 1755 circa
939 1715 1125 1769 legalium
1161 1715 1291 1753 obser-

180 1778 371 1816 vationem
400 1773 666 1825 distinguenda
702 1785 806 1820 esse,
849 1778 960 1822 prout
988 1784 1032 1809 ea
1061 1768 1101 1807 S.
1134 1768 1293 1820 August.

181 1830 380 1881 distinguit
407 1828 516 1880 epist.
536 1826 603 1865 82.
632 1825 728 1864 alias
753 1837 813 1876 19.
841 1837 967 1861 unum
1003 1822 1162 1875 quidem
1190 1830 1288 1859 ante

187 1881 331 1921 Christi
356 1884 612 1932 passionem,
653 1882 695 1916 in
723 1891 798 1928 quo
825 1877 974 1929 legalia
1014 1889 1142 1927 neque
1169 1884 1288 1915 erant

185 1935 417 1989 mortifera,
445 1945 573 1984 neque
602 1939 784 1968 mortua:
813 1929 921 1966 aliud
948 1938 1033 1980 post
1060 1939 1215 1978 tempus
1231 1927 1290 1965 E-

185 1990 357 2043 rangelii
385 1987 599 2040 divulgati,
628 1988 670 2022 in
699 1997 773 2036 quo
802 1983 952 2035 legalia
980 1991 1070 2020 sunt
1099 1990 1258 2018 mortua
1281 2011 1292 2029 ,

187 2045 238 2084 <9‘
268 2040 501 2093 mortifera:
544 2041 704 2077 tertium
746 2045 882 2075 autem
912 2044 970 2073 est
1011 2044 1166 2084 tempus
1209 2047 1292 2071 me·

180 2096 323 2143 dium,
364 2095 513 2132 scilicet
541 2105 568 2129 a
595 2094 783 2141 passione
813 2088 958 2127 Christi
998 2100 1120 2137 usque
1154 2086 1210 2124 ad
1238 2087 1296 2124 ‹it-

186 2149 453 2202 rulgatc'onem
483 2144 718 2197 Evangelii,
758 2146 804 2181 in
831 2154 906 2193 quo
943 2141 1095 2193 legalia
1135 2139 1296 2191 quidem

174 2202 348 2255 fuerunt
377 2208 563 2247 mortua,
605 2200 701 2248 quia
727 2208 855 2247 neque
892 2198 970 2233 rim
1011 2195 1194 2245 aliquam
1224 2191 1296 2230 ltu.-

186 2255 330 2295 &ebant
350 2285 361 2304 ‚
403 2266 530 2305 neque
557 2251 701 2302 aliquis
728 2263 780 2288 ea
808 2247 1018 2288 observare
1053 2245 1260 2285 tenebatur
1282 2260 1297 2290 ;

186 2323 268 2349 non
309 2318 450 2347 tamen
481 2305 656 2360 fuerunt
699 2302 940 2356 mortifera,
982 2304 1077 2353 quia
1105 2301 1187 2349 illi,
1231 2303 1297 2352 qui

185 2366 365 2402 conversi
391 2370 511 2400 erant
540 2358 595 2398 ad
617 2357 814 2397 Christum
835 2370 889 2395 ex
908 2354 1058 2394 Judaeis
1074 2386 1084 2403 ‚
1112 2362 1300 2407 poterant

185 2418 258 2456 illa
286 2416 435 2470 legalia
462 2416 567 2453 licite
607 2411 843 2459 observare,
887 2409 1104 2448 dummodo
1132 2421 1214 2446 non
1242 2411 1300 2445 sic

186 2478 380 2524 ponerent
407 2481 518 2520 spem
547 2472 589 2506 in
617 2470 700 2514 ei-s,
743 2464 844 2516 quod
881 2477 932 2503 ea
967 2470 1200 2514 reputarent
1228 2461 1301 2499 sibi

189 2528 425 2564 necessaria
452 2521 508 2561 ad
535 2521 709 2559 salutem
725 2548 736 2567 ,
765 2521 880 2570 quasi
908 2520 995 2555 sine
1024 2514 1216 2569 legalibus
1236 2513 1300 2552 Fi-

190 2578 259 2618 des
292 2576 434 2617 Christi
457 2574 687 2629 justificare
715 2586 796 2610 non
824 2579 980 2623 posset.
1008 2569 1131 2608 Posita
1161 2569 1232 2607 hae
1261 2582 1300 2606 e·

188 2634 312 2672 ximia
352 2632 517 2670 duorum
546 2628 730 2668 Ecclesiae
769 2626 967 2664 luminum
996 2623 1227 2676 Augustini,
1265 2621 1299 2658 8(

190 2686 354 2724 ‘Thomae
383 2685 582 2732 doctrina,
610 2689 737 2734 patet,
772 2681 812 2718 in
841 2679 998 2717 exordio
1025 2677 1210 2717 Ecclesiae
1239 2689 1301 2714 eos

192 2738 306 2779 fuisse
320 2738 518 2786 toleratos,
546 2737 614 2790 qui
634 2735 729 2788 legis
757 2733 1004 2772 caeremonias
1032 2732 1080 2770 ad
1109 2729 1302 2769 sufficien-

195 2799 270 2833 tem
297 2807 416 2846 usque
444 2788 650 2844 Evangelii
690 2787 1006 2843 praedicationem
1035 2787 1088 2825 ita
1122 2784 1303 2826 observa-

252 2955 302 2990 (α)
331 2951 432 2992 Apud
443 2952 634 2987 Eusebium
653 2950 732 2986 Lib.
746 2951 790 2984 ΙΙ.
811 2949 980 2983 Historiae
994 2947 1137 2982 Eccles.
1157 2957 1232 2992 cap.
1245 2946 1303 2979 23.

254 2999 304 3036 (b)
327 3000 400 3031 Αᾶ.
426 2999 506 3031 XV.
534 3001 587 3034 28.
624 3003 656 3031 &
680 3010 750 3042 seq.
790 2998 824 3030 S.
849 2997 1010 3030 Justinus
1044 2996 1079 3028 in
1106 2994 1206 3028 Dial.
1232 3005 1305 3026 cum

203 3041 339 3089 Tryph.
365 3043 546 3087 Tryphoni
584 3044 843 3089 interroganti,
883 3056 928 3077 an
952 3043 1014 3087 qui
1050 3042 1086 3075 in
1120 3041 1305 3074 Christum

201 3089 339 3130 credit,
363 3101 501 3132 unaque
526 3090 649 3133 legalia
672 3091 858 3131 observat,
883 3091 1000 3123 salvus
1011 3100 1085 3122 esse
1097 3088 1228 3133 possit,
1255 3087 1305 3120 ita

205 3134 414 3182 respondet:
442 3134 489 3168 Ut
511 3137 594 3168 mihi
622 3139 774 3176 videtur,
797 3141 842 3169 mi
867 3136 1036 3181 Trypho,
1061 3136 1118 3181 ajo
1133 3133 1244 3178 fore,
1269 3140 1306 3166 ue

204 3191 357 3216 servetur
380 3185 533 3227 quisquis
559 3184 642 3215 talis
668 3191 747 3220 est;
783 3185 880 3216 modo
905 3196 946 3217 ne
970 3186 1100 3217 ceteris
1115 3203 1125 3221 ‚
1161 3181 1225 3214 hoc
1249 3187 1307 3214 est

205 3232 311 3270 illis,
350 3233 405 3272 qui
429 3240 489 3272 per
515 3227 691 3261 Christum
715 3240 735 3260 a
770 3234 918 3271 gentium
953 3242 1069 3263 errore
1105 3230 1305 3262 circumcisi

205 3283 284 3309 sunt
297 3297 308 3316 ‚
334 3279 467 3309 omnino
483 3277 688 3318 persuadere
706 3277 909 3314 contendat,
932 3278 1057 3310 nullam
1073 3278 1213 3309 salutem
1231 3285 1307 3318 spe-

207 3323 349 3361 randam
372 3334 450 3358 esse
475 3335 541 3357 non
565 3320 820 3359 observantibus
834 3340 845 3362 ‚
869 3323 956 3367 quod
981 3331 1015 3357 tu
1032 3323 1212 3360 conabaris
1237 3323 1308 3358 ini-

788 92 1031 139 PARsn.
1064 87 1469 138 DISSERTA'PIO
1503 88 1560 133 11.
1594 89 1724 133 GAP.
1757 90 1860 136 vn.

1350 176 1541 256 runtzsm
1569 178 1696 206 tamen
1725 181 1788 206 eas
1816 169 1867 208 ad
1907 169 2071 210 salutem
2112 171 2343 211 necessarias
2382 182 2461 213 esso

1350 234 1422 258 non
1481 228 1650 257 icerent.

1412 273 1499 318 164.
1527 272 1644 311 Porro
1679 273 1718 310 in
1746 271 1921 312 Concilio
1948 274 2297 330 Hierosolymiuino
2340 277 2465 318 fuerat

1350 327 1509 380 quidem
1550 326 1784 374 definitum,
1827 326 1997 365 Gentiles
2026 330 2073 366 ad
2102 331 2193 383 legis
2234 332 2465 370 ohservatio-

1351 393 1437 418 nem
1467 393 1541 418 non
1572 381 1720 427 teneri,
1750 392 1824 418 uon
1844 389 1974 419 autem
1995 380 2118 421 fuerat
2140 384 2231 436 legis
2260 385 2466 423 observatu-s

1352 435 1405 472 tia
1435 433 1632 471 interdicta
1662 431 1718 484 (b)
1745 458 1756 470 .
1798 433 1964 481 Quando
2000 444 2130 473 autem
2173 439 2359 477 universae
2390 437 2466 476 Ec-

1351 486 1481 524 clesiae
1511 498 1694 525 consensu
1721 485 1937 525 observatio
1963 486 2150 539 legalium
2178 489 2357 529 damnata
2385 500 2467 538 est,

1349 541 1499 578 nemini
1528 539 1697 592 amplius
1724 540 1823 577 citra
1850 539 2047 591 piaculum
2079 541 2118 580 id
2162 542 2287 580 facere
2329 543 2468 582 licuit:

1349 593 1604 644 quamobrem
1633 592 1673 631 S.
1705 592 1968 644 Hieronymus
1995 596 2104 648 epist.
2130 608 2219 634 112.
2248 595 2300 634 al.
2323 597 2387 648 59.
2417 596 2467 635 ad

1351 647 1394 685 S.
1417 649 1516 698 Aug.
1551 644 1799 696 Quicumque
1827 659 1900 684 eas
1929 647 2250 698 (caeremonias)
2280 648 2464 688 observa-

1351 704 1448 738 verit
1476 703 1554 737 sive
1591 712 1645 737 ex
1667 699 1838 752 judoeis,
1885 703 1964 737 sive
1993 714 2046 738 ex
2078 700 2326 752 Gentilibus,
2369 714 2464 741 eum

1352 758 1394 792 in
1423 752 1661 791 barathrum
1688 752 1832 791 diaboli
1861 751 2086 792 devolutum
2115 755 2235 794 dicit.

1409 807 1498 846 165.
1526 806 1715 844 Eusebius
1744 817 1873 845 autem
1902 808 2045 858 primos
2073 809 2297 859 quindecim
2325 808 2463 847 Hiero-

1349 861 1588 913 solymorum
1606 859 1817 913 Episcopos
1846 860 1961 898 fuisse
1990 860 2149 913 quidem
2177 875 2225 900 811
2255 863 2463 901 circumci-

1351 917 1496 953 sionem
1527 914 1667 961 refert,
1711 913 1782 952 hoc
1811 921 1865 952 est
1892 927 1938 951 ex
1966 914 2112 952 Jmiaets
2153 915 2346 953 conversis
2367 945 2379 963 ,
2421 925 2471 955 ex

1353 969 1498 1021 quibus
1540 967 1629 1005 solis
1658 968 1778 1005 ferme
1807 976 1883 1007 tota
1913 967 2263 1019 Hierosolymitana
2290 967 2475 1008 Ecclesia

1353 1023 1481 1074 primo
1511 1021 1578 1059 illo
1606 1029 1775 1072 tempore
1805 1021 2017 1066 constabat,
2048 1020 2147 1059 nihil
2177 1031 2304 1061 autem
2334 1021 2470 1068 addit,

1351 1088 1428 1127 quo
1472 1075 1678 1126 probetur,
1726 1073 1811 1111 illos
1837 1074 1957 1112 simul
1999 1088 2090 1114 cum
2119 1074 2333 1128 Evangelio
2374 1073 2469 1126 legis

1353 1140 1602 1166 caeremomas
1632 1140 1828 1164 miscuisse
1845 1153 1856 1165 .

1412 1180 1501 1218 166.
1528 1179 1625 1230 Obj.
1654 1178 1694 1216 6.
1722 1181 1872 1218 Constat
1913 1179 2069 1219 historia
2098 1179 2399 1229 Ecclesiastica‚
2427 1193 2470 1220 o-

1352 1232 1423 1271 lim
1466 1232 1582 1270 fuisse
1610 1246 1633 1269 a
1663 1231 1866 1285 Teophylo
1903 1232 2160 1272 Alexandrino
2202 1243 2375 1274 evectum
2421 1232 2470 1274 ad

1356 1286 1631 1338 Episcopatum
1650 1282 1991 1323 Ptolemaidensem
2007 1286 2212 1337 Synesium
2232 1287 2443 1338 quemdam
2457 1314 2471 1333 ,

1356 1337 1632 1391 philosophum
1660 1336 1819 1389 quidem
1849 1339 2236 1389 praestantissimum,
2279 1338 2343 1377 sed
2381 1337 2475 1376 reli*

1356 1394 1466 1444 gione
1493 1393 1783 1443 semipaganum
1799 1404 1812 1437 3
1840 1389 2019 1428 censebat
2046 1392 2152 1429 enim
2169 1421 2179 1439 ,
2209 1391 2359 1429 animas
2387 1403 2474 1429 cor·-

1355 1445 1511 1498 poribus
1541 1446 1807 1498 praeexistere,
1837 1444 2029 1482 mundum
2057 1453 2245 1483 aeternum
2275 1444 2479 1491 futurum,

1354 1498 1584 1551 nullamque
1615 1512 1692 1537 esse
1721 1498 1951 1551 sperandam
1980 1510 2187 1550 corporum
2211 1498 2478 1537 ·resurrectio-

1357 1566 1466 1591 nem.
1509 1553 1606 1592 Haec
1633 1552 1681 1589 de
1710 1565 1747 1589 se
1777 1553 1859 1604 ipso
1888 1552 2008 1590 fassus
2037 1561 2089 1590 est
2118 1552 2157 1589 iu
2187 1550 2365 1604 pluribus
2393 1551 2478 1602 epi-

1357 1606 1461 1645 stolis
1491 1604 1572 1658 (c).
1615 1605 1713 1643 Haec
1754 1606 1889 1644 eadem
1931 1605 2046 1643 etiam
2089 1605 2257 1644 referunt
2286 1604 2478 1656 Evagrius

1359 1660 1447 1698 Lib.
1477 1660 1508 1697 Ι.
1546 1658 1654 1699 Hist.
1695 1657 1812 1699 Eccl.
1854 1672 1942 1710 cap.
1977 1659 2067 1707 150,
2114 1657 2392 1709 Nicephorus,
2441 1656 2478 1695 ἃ

1358 1712 1515 1751 Photius
1532 1739 1544 1751 .

1421 1765 1508 1819 167.
1540 1766 1652 1818 Resp.
1682 1763 1914 1817 Synesium‚
1943 1764 2096 1817 quando
2122 1764 2170 1802 ad
2201 1763 2479 1816 Episcopatum

1361 1829 1514 1859 evectus
1541 1828 1622 1868 est,
1664 1820 1781 1856 fuisse
1810 1818 1967 1870 quidem
2012 1817 2208 1857 nonnullis
2236 1817 2482 1868 Origenianis

1362 1874 1558 1912 erroribus
1586 1872 1823 1925 implicitum
1840 1902 1851 1920 ,
1880 1872 1948 1924 qui
1977 1885 2022 1910 ea
2041 1879 2286 1924 tempestate,
2316 1871 2482 1921 Origene

1362 1928 1536 1965 nondum
1568 1928 1762 1974 damnato,
1805 1924 2093 1971 tolerabantur3
2135 1938 2213 1963 nou
2242 1933 2372 1963 autem
2403 1922 2484 1963 ulla.

1363 1979 1502 2018 haeresi
1522 1995 1544 2017 a
1558 1978 1758 2016 catholica
1773 1978 1947 2017 Ecclesia
1967 1977 2183 2029 sejunctum
2197 2003 2208 2015 .
2238 1977 2338 2014 Nam
2358 1989 2481 2028 quan-

1363 2041 1445 2070 tum
1475 2033 1523 2070 ad
1552 2033 1870 2069 resurrectionem
1899 2039 2140 2068 mortuorum
2159 2059 2169 2077 ‚
2200 2042 2277 2068 non
2306 2043 2393 2068 eam
2415 2043 2483 2081 pe·-

1361 2087 1461 2123 nitus
1489 2098 1641 2135 negasse
1660 2114 1670 2133 ‚
1714 2083 1778 2122 sed
1816 2084 1942 2135 potius
1982 2082 2193 2135 singulares
2222 2082 2372 2135 aliquas
2400 2083 2486 2134 opi-

1364 2141 1492 2176 niones
1518 2139 1626 2176 circa
1654 2151 1740 2174 eam
1771 2135 1950 2174 habuisse
1979 2136 2155 2175 videtur:
2196 2134 2486 2177 Decantatam

1364 2191 1479 2229 illam
1507 2188 1836 2228 resurreHi-onem
1854 2218 1865 2237 ,
1906 2189 2136 2240 inquiebat,
2178 2202 2343 2228 sacrum
2372 2188 2484 2240 quid,-

1367 2248 1479 2297 piam
1503 2273 1514 2292 ‚
1549 2244 1600 2284 ὠ·
1628 2255 1833 2281 arcanum
1860 2240 2033 2279 arbitror
2053 2273 2064 2290 ‚
2106 2243 2301 2295 longeque
2337 2242 2482 2282 absum

1365 2313 1393 2337 a
1423 2298 1523 2350 vulgi
1551 2294 1856 2349 comprobandis
1884 2294 2156 2347 opinionibus.
2197 2297 2377 2335 Ceterum
2406 2298 2483 2335 mi·

1365 2352 1532 2391 randum
1560 2364 1636 2389 non
1664 2359 1717 2388 est
1732 2378 1751 2399 ,-
1781 2351 1815 2387 si
1842 2348 2088 2388 difficillimis
2116 2348 2193 2387 illis
2235 2351 2379 2388 tuentis
2407 2351 2484 2388 Im-

1366 2406 1466 2458 perii
1495 2403 1732 2456 temporibus
1759 2401 1934 2441 Ecclesia
1964 2416 2031 2441 usa
2060 2403 2107 2441 sit
2134 2402 2305 2454 quadam
2334 2417 2487 2443 11180110-

1367 2460 1448 2498 mia
1476 2458 1518 2496 in
1548 2457 1662 2509 hujus
1691 2457 1877 2510 Episcopi
1904 2456 2110 2505 electione,
2152 2469 2197 2496 ex
2226 2455 2340 2508 cujus
2382 2457 2487 2508 inge-

1368 2514 1454 2561 nio,
1483 2511 1758 2564 praeclarisque
1778 2510 1984 2550 virtutibus
1999 2540 2010 2560 ,
2031 2509 2154 2548 inulta
2174 2509 2273 2548 bona
2293 2509 2380 2560 jure
2400 2523 2486 2562 spe-

1369 2566 1507 2614 rabat,
1537 2573 1578 2603 ut
1605 2560 1735 2603 rerum
1767 2564 1927 2602 ostendit
1952 2573 2109 2603 eventus
2125 2590 2137 2601 .
2159 2562 2320 2601 Pliotius
2349 2563 2390 2601 in
2418 2562 2487 2600 Bi-

1368 2617 1564 2658 bliotheca
1599 2619 1693 2657 Cod.
1721 2617 1872 2656 XXVI.
1901 2618 2045 2665 tradit,
2091 2616 2321 2668 Synesium,
2365 2615 2486 2654 simul

1368 2683 1487 2725 atque
1502 2672 1722 2725 Episcopus
1737 2679 1897 2708 creatus
1923 2678 2004 2720 est,
2033 2668 2329 2708 resurreffionts
2357 2673 2485 2709 etiam

1369 2725 1594 2767 dot‘lrinam
1622 2724 1835 2764 credidisse
1866 2723 1926 2775 (d)
1949 2750 1961 2762 .

1428 2780 1519 2821 168.
1546 2779 1642 2832 Obj.
1664 2793 1702 2832 7.
1743 2778 1786 2818 S.
1811 2778 2047 2830 Augustinus
2075 2776 2238 2830 Epistol.
2258 2776 2403 2816 XLII-I.
2432 2775 2485 2817 al·

2341 2844 2434 2883 192.

1371 2945 1421 2978 tio
1447 2943 1561 2977 nostri
1584 2942 1774 2986 colloquii,
1806 2951 2023 2986 pernegans,
2058 2952 2109 2973 me
2136 2941 2278 2974 salutem
2303 2946 2482 2975 assecutu-

1369 3004 1441 3025 rum
1458 3012 1471 3031 ,
1495 3002 1530 3022 m
1556 2997 1628 3021 ista
1654 3000 1852 3021 servavero.

1417 3043 1465 3076 (c)
1489 3036 1665 3079 Praecipue
1693 3035 1728 3067 in
1753 3034 1898 3078 epistola
1929 3033 2008 3067 105.
2041 3031 2083 3067 ad
2108 3033 2254 3067 fratrem
2280 3043 2382 3067 suum
2408 3031 2482 3064 Eu-

1371 3084 1531 3129 topium‚
1568 3085 1599 3113 &
1624 3081 1681 3113 66.
1709 3079 1751 3114 ad
1779 3080 2013 3125 Theophilum
2039 3079 2194 3116 Edition.
2221 3079 2386 3114 Parisinae
2424 3088 2482 3110 an.

1376 3132 1477 3164 1612.
1506 3142 1525 3163 a
1551 3128 1691 3161 Petavio
1715 3129 1808 3160 faetae
1835 3128 2086 3171 graecodatinae
2103 3150 2111 3158 .

1415 3179 1468 3216 (d)
1494 3175 1662 3209 Batonius
1688 3173 1730 3207 ad
1756 3186 1811 3207 an.
1836 3173 1917 3216 410·
1942 3175 2106 3218 putavit,
2132 3172 2207 3205 haec
2231 3171 2349 3204 omnia
2376 3171 2483 3204 fuisse

1373 3235 1392 3256 a
1418 3223 1565 3268 Synesio
1589 3219 1630 3255 ‹le
1654 3221 1768 3265 seipso
1791 3229 1866 3254 arte
1891 3220 2058 3260 conficta,
2092 3227 2130 3251 ut
2155 3218 2374 3263 Episcopalis
2400 3228 2480 3251 11111-

1372 3271 1466 3304 neris
1487 3280 1576 3303 onus
1601 3266 1813 3303 declinaret.
1839 3266 1905 3301 Sed
1931 3280 2010 3301 eum
2030 3265 2188 3300 confutat
2209 3266 2321 3298 Lucas
2341 3265 2478 3297 Holste-

1372 3318 1452 3353 nius
1477 3317 1514 3353 in
1524 3315 1674 3352 Dissert.
1699 3314 1756 3351 De
1774 3315 1802 3349 S
1795 3319 1934 3363 ynesio
1946 3335 1960 3358 ,
1985 3319 2027 3349 (θ’
2049 3314 2094 3349 de
2107 3311 2201 3360 suga
2219 3310 2470 3358 Episcopatus-
