2564 3706
716 57 1031 107 APBENDIX
1061 59 1142 106 DE
1174 58 1254 105 tv.
1285 56 1522 104 EVANG.
1554 62 1715 108 ORIG.

68 139 214 186 timum
243 143 508 192 argumentum
537 136 760 178 ‹ie—sumebat
777 140 819 179 S.
836 141 1065 193 Augustinus
1083 154 1174 180 con-

71 200 128 231 tra
156 206 217 231 eos
238 224 249 242 ,
290 194 356 245 qui
386 193 466 229 ausi
502 199 587 230 sunt
615 190 914 245 E‘vangeliorum
931 224 942 243 ,
986 204 1051 232 ant
1078 194 1182 234 alio-'

70 257 161 284 tum
190 246 239 285 N.
262 245 309 283 Τ.
339 244 523 282 Codicum
553 257 684 284 veram
714 248 899 299 originem
929 256 992 286 aut
1022 249 1174 299 integri-

71 306 185 337 tatem
214 299 252 335 in
292 297 456 334 dubium
504 311 708 348 revocare,
750 301 801 338 ita
831 309 961 339 contra
990 300 1176 340 Faustum

72 350 335 391 Manichaeum
354 349 580 389 concludens
595 352 684 391 Lib.
700 352 887 392 XXXIII.
902 368 989 413 cap.
1004 353 1043 394 6.
1062 354 1175 401 Tom-

74 403 178 441 VllI.
207 402 272 441 De
299 416 373 454 quo
403 402 521 441 Libro
557 416 710 444 certum
738 411 839 456 erit,
881 420 994 459 quus
1021 410 1098 455 sit,
1140 411 1187 444 si·

69 457 234 504 litteras,
277 469 377 508 quas
405 457 682 507 Apostolorum
720 459 812 497 dicit
829 491 839 508 ‚
881 462 931 501 Θ
958 469 1065 498 tenet
1094 459 1174 498 Ec-

69 508 192 547 clesia
223 508 272 546 ab
309 514 403 562 ipsis
431 512 624 561 Apostolis
665 521 916 565 propagata,
958 514 1007 554 <9-
1034 526 1104 564 per
1132 527 1173 551 o-

67 575 183 600 mnes
203 571 342 614 gentes
369 573 489 602 tanta
521 569 742 604 eminentia
771 566 983 604 declarata
1000 596 1010 614 ‚
1041 576 1174 604 utrum

66 614 346 665 Apostolorum
374 621 453 655 sint
470 648 480 666 ,
509 621 703 658 incertum
734 629 792 658 est
808 619 831 656 ?
847 645 857 659 .
875 645 886 657 .
904 646 914 657 .
932 645 944 658 .
965 618 1144 658 Platonis
1160 650 1171 669 ‚

67 668 290 708 Aristotelis
312 700 323 718 ,
357 668 581 720 Ciceronis,
615 671 808 711 Varronis
826 703 836 721 ‚
865 674 1112 723 aliorumque
1132 686 1172 711 e-

61 722 240 773 jusmodi
268 721 474 762 (rublorum
502 724 639 764 Libros
668 727 772 764 unde
812 736 1004 763 noverunt
1046 726 1171 763 lzomi-

63 788 138 814 nes
157 805 170 824 ‚
199 775 304 827 quod
327 780 501 827 ipsorum
531 783 637 828 sint,
667 784 745 818 nisi
774 778 917 817 eadem
946 788 1170 827 temporum

61 826 218 867 sibimet,
264 830 560 871 succedentium
605 836 895 872 contestatione
935 835 1127 869 continua
1146 829 1170 866 ?

64 882 191 934 Atque
220 884 272 922 ita
300 886 423 937 pergit
451 886 637 939 exemplis
677 886 931 924 demonstrare
973 896 1019 926 ex
1049 884 1168 921 eccle-

62 936 212 974 siastica
254 937 453 976 traditione
495 939 652 977 indubie
680 939 828 984 evinci,
875 948 1003 972 omnes
1032 935 1169 974 Libros

59 988 267 1028 Canonicos
282 1004 358 1029 esse
374 992 420 1029 iis
434 989 652 1029 auctoribus
667 989 898 1035 tribuendos,
913 988 1054 1040 quibus
1070 1003 1167 1026 sem-

61 1054 132 1093 per
150 1057 173 1079 a
193 1042 373 1081 fidelibus
400 1044 599 1082 communi
627 1055 811 1080 consensu
840 1039 974 1080 tributi
989 1041 1167 1080 fuerunt.

117 1094 209 1133 503.
239 1096 385 1146 objicit
425 1098 552 1148 primo
588 1095 792 1142 Freretus‚
834 1095 952 1133 fuisse
993 1094 1044 1133 ab
1085 1096 1167 1147 ipso

58 1145 246 1186 Ecclesiae
275 1149 427 1186 exordio
455 1148 610 1200 plures,
647 1150 715 1201 qui
744 1147 828 1186 haec
855 1147 1069 1200 Evangelia
1086 1178 1097 1196 ,
1129 1158 1168 1187 ut

57 1199 308 1252 apocrypha,
338 1210 582 1253 respuerent.
618 1201 667 1239 Et
695 1210 795 1240 certe
824 1200 1036 1239 Manichaei
1064 1202 1169 1254 apud

59 1252 104 1291 S.
128 1252 383 1304 Augustinum
403 1254 494 1293 Lib.
516 1253 685 1293 XXXII.
707 1263 850 1293 contra
866 1252 1059 1292 Faustum
1079 1268 1166 1307 cap.

57 1318 101 1344 2.
129 1304 331 1356 dicebant,
369 1316 490 1345 totum
519 1307 569 1346 N.
599 1307 648 1346 T.
678 1321 751 1346 uon
779 1307 829 1346 ab
858 1307 1047 1359 Apostolis
1075 1309 1168 1346 scri-

55 1366 168 1411 ptum
196 1359 339 1407 fuisse,
382 1359 452 1398 sed
494 1360 610 1414 longo
638 1370 725 1412 post
755 1370 932 1412 tempore
959 1374 988 1399 a
1015 1361 1168 1412 quibus-

61 1410 162 1449 dam
207 1415 348 1450 incerti
388 1417 561 1451 nominis
591 1418 680 1452 viris
703 1444 713 1462 ‚
756 1418 848 1465 qui,
895 1427 947 1452 ne
988 1414 1059 1452 sibi
1087 1428 1169 1452 non

59 1461 412 1517 habereturfitles‚
433 1465 687 1506 scribentibus
713 1480 803 1518 quoe
823 1471 1046 1516 nescirent,
1075 1481 1168 1518 par-

60 1521 137 1556 tim
166 1517 440 1568 Apostolorum
468 1524 664 1569 nomina,
705 1524 855 1572 partim
896 1534 1033 1559 eorum
1050 1551 1061 1570 ‚
1104 1525 1168 1572 qui

58 1568 263 1621 Apostolos
291 1577 415 1611 secuti
443 1573 692 1621 viderentur,
734 1578 970 1624 scriptorum
1007 1588 1167 1613 suorum

48 1623 256 1676 frontibus
285 1625 507 1664 inciderunt
523 1657 534 1674 ‚
563 1636 843 1664 asseverantes
863 1626 1082 1664 secundum
1103 1641 1169 1665 eos

58 1690 103 1715 se
121 1681 344 1729 scripsisse,
371 1692 462 1731 quoe
476 1683 705 1730 scripserint
727 1680 790 1731 (a)
808 1705 819 1717 .
848 1679 897 1718 Et
917 1680 1007 1718 Lib.
1028 1679 1168 1718 XLln.

55 1744 146 1783 cap.
167 1732 205 1770 3.
234 1732 365 1770 omnia
393 1732 613 1771 tribuebant
640 1737 773 1771 nescio
801 1733 934 1784 quibus
956 1763 966 1781 ,
996 1733 1046 1774 Θ*
1076 1738 1168 1784 ipsis

61 1786 166 1822 inter
193 1798 236 1823 se
264 1797 345 1822 non
374 1784 708 1825 concordantibus
727 1785 1017 1824 semi-ludaeis.
1048 1787 1165 1825 Dein-

53 1836 101 1876 de
145 1846 184 1875 ut
212 1837 252 1876 S.
284 1839 451 1876 Ireuaeus
482 1838 571 1878 Lib.
592 1839 658 1877 ΙΙΙ.
689 1853 723 1877 c.
753 1852 813 1877 ιι.
851 1841 1003 1888 asserit,
1046 1839 1165 1878 Ebio-

60 1890 137 1927 naei
165 1889 242 1928 solo
271 1889 482 1941 Evangelio
510 1893 716 1930 secundnm
746 1891 977 1930 Mattliaeum
1009 1893 1166 1931 uteban-

55 1949 144 1988 tur;
175 1941 352 1982 Marcion
372 1944 624 1994 Evangelium
654 1945 864 1982 secundnm
885 1943 1066 1982 Marcum
1091 1950 1165 1982 cir-

58 1993 332 2032 cumcidebat:
360 1995 429 2034 alii
460 1996 717 2045 Evangelium
746 1997 956 2034 secundum
984 1996 1166 2036 Marcum

54 2048 339 2101 praeferebant.
367 2048 547 2100 Denique
570 2047 830 2087 Valentiniani
860 2049 1064 2089 utebantur
1083 2060 1166 2089 tan-

55 2102 253 2140 tummodo
278 2100 489 2154 Evangelio
507 2100 664 2140 Joannis
682 2128 692 2140 .
722 2102 804 2139 Hoc
834 2110 990 2150 tamen,
1020 2103 1060 2142 S.
1083 2104 1163 2142 Au-

53 2156 206 2206 gustino
232 2164 320 2194 teste
358 2156 399 2194 in
427 2153 546 2194 Libro
573 2155 621 2194 de
660 2153 871 2193 haeresibus
899 2170 939 2194 n.
956 2155 1021 2194 30.
1052 2156 1164 2208 Alogi

55 2207 290 2260 respuebant
306 2235 318 2248 .

111 2261 203 2308 504.
234 2261 346 2315 Resp.
375 2261 461 2301 Non
490 2273 695 2312 negamus,
725 2261 924 2300 recensitos
940 2260 1160 2310 haereticos,

54 2312 226 2368 aliosque
256 2328 394 2367 paucos
423 2313 596 2365 rejecisse
625 2313 685 2352 vel
716 2327 857 2362 unum,
887 2313 948 2352 vel
977 2314 1165 2364 alterum,

57 2366 120 2407 vel
135 2370 250 2407 etiam
268 2369 400 2406 omnia
420 2378 543 2405 nostra
558 2366 789 2418 Evangelia.
818 2367 892 2405 Sed
914 2366 1048 2406 horum
1071 2383 1165 2420 pau-

54 2432 192 2458 corum
221 2421 407 2459 dissensus
436 2419 587 2459 nullum
618 2429 735 2472 potest
775 2421 952 2458 concordi
988 2423 1165 2460 omnium

59 2471 339 2511 catholicarum
377 2471 639 2511 Ecclesiarum
668 2475 864 2511 consensui
895 2484 1166 2513 nocumentum

60 2524 224 2564 afferre.
266 2525 340 2563 Cui
368 2527 566 2564 consensui
594 2524 882 2563 Catholicorum
929 2526 1087 2580 aliquod
1127 2542 1167 2565 e-

57 2578 154 2617 tiam
190 2577 339 2630 pondus
367 2578 472 2616 addit
501 2579 667 2618 aliorum
696 2592 790 2630 pene
829 2580 1005 2616 omnium
1045 2579 1167 2617 haere-

59 2631 225 2669 tinorum
245 2631 452 2679 confessio,
472 2632 541 2683 qui
560 2645 752 2670 sacrorum
769 2631 944 2669 codicum
966 2631 1168 2673 αόθ-εννίαν

61 2684 234 2723 inficiari
266 2684 422 2722 minime
442 2683 658 2730 audebant;
688 2684 752 2722 sed
781 2686 905 2735 potius
933 2685 980 2722 ad
1010 2696 1093 2721 suos
1112 2698 1171 2721 er-

62 2748 167 2777 rores
185 2737 340 2776 tuendos
358 2738 580 2776 eorumdem
601 2750 751 2776 sensum
773 2737 1060 2790 pervertebant.
1088 2737 1170 2775 Hu-

109 2900 159 2936 (α)
188 2898 372 2944 Repugnat
396 2900 627 2936 Beausobrius
653 2903 827 2936 affirmans
843 2923 854 2943 ‚
879 2909 1031 2948 quatuor
1057 2903 1175 2935 Evan-

67 2943 180 2988 gelia,
206 2947 238 2978 δι
264 2947 299 2978 S.
327 2946 422 2980 Pauli
448 2948 611 2992 epistolas
636 2945 742 2982 fuisse
761 2962 777 2982 a
793 2948 998 2982 Manicha‘is
1017 2958 1172 2993 receptas

67 2990 173 3024 Tom.
194 2992 218 3023 1.
245 2991 344 3024 His-t.
363 2993 453 3026 Crit.
480 2992 535 3026 Du
554 2994 739 3029 Maniche'e
752 3017 762 3036 ‚
789 3001 830 3029 (θ’
848 2997 891 3028 dn
904 2995 1172 3035 Mania—hemme,

24 3064 27 3066 ,
69 3035 107 3068 Ρ.
123 3039 149 3070 Ι.
178 3036 254 3070 Lib.
276 3040 300 3070 Ι.
320 3049 395 3082 cap.
418 3039 449 3072 5.
475 3037 541 3071 Sed
565 3042 648 3084 quis
666 3041 700 3074 S.
717 3042 905 3086 Augustini
931 3042 1172 3075 testimonium

69 3081 270 3117 Beansobrii
299 3085 490 3118 auetoritati
517 3097 583 3118 non
611 3087 771 3130 praeferat
789 3094 804 3119 ,θ

118 3129 166 3166 (b)
195 3129 351 3164 Celebris
376 3140 427 3164 est
461 3132 632 3164 consessio
653 3133 786 3166 Juliani
821 3142 986 3179 apostata!
1017 3132 1106 3178 apud
1135 3134 1169 3166 S.

70 3174 247 3218 Cyrillurn
274 3177 352 3210 Lib.
380 3177 425 3210 Χ.
454 3185 575 3210 contra
600 3178 738 3221 ipsum,
779 3178 1000 3214 divinitatem
1037 3180 1169 3212 scilicet

69 3220 152 3252 Jesu
178 3219 311 3255 Christi
338 3223 443 3256 fuisse
469 3235 486 3256 a
511 3224 544 3256 S.
570 3224 701 3257 Joanne
725 3226 951 3270 Evangelista
977 3227 1170 3259 luculenter

71 3263 262 3301 trad-itam:
291 3268 338 3300 ita
362 3270 456 3302 enim
481 3269 700 3303 Christianos
725 3272 914 3315 arguebat:
942 3273 1059 3307 Jesum
1077 3276 1172 3317 quip-

181 3310 420 3367 Gazzaniga
450 3313 582 3357 Theoi.
612 3314 777 3359 Tom.1.

2208 79 2292 122 ης

1241 140 1303 193 jus
1331 141 1386 178 rei
1415 139 1514 178 testis
1542 140 1589 176 sit
1618 140 1658 179 S.
1691 143 1859 182 Irenaeus
1889 143 1927 182 in
1957 144 2045 185 Lib.
2068 146 2133 186 III.
2161 161 2247 201 cap.
2283 162 2345 189 ιι.

1239 208 1281 233 n.
1303 208 1340 245 7.
1370 192 1570 245 inquiens:
1602 202 1720 231 tanta
1748 205 1805 232 est
1834 207 1970 235 autem
1987 204 2094 239 circa
2115 200 2345 255 Evangelia

1241 245 1327 284 haec
1356 246 1572 299 firmitas,
1616 255 1656 282 uc
1685 248 1733 286 Θ
1763 252 1834 297 ipsi
1863 250 2037 291 lzoeretici
2071 260 2343 294 testimonium

1243 299 1416 338 reddant
1444 302 1500 337 eis
1522 313 1536 343 ‚·
1565 298 1614 338 (J
1643 311 1696 337 ex
1726 303 1818 349 ipsis
1847 305 2050 353 egrediens
2079 314 2340 362 unusquisque

1242 367 1380 401 eorum
1409 361 1570 390 conetur
1598 365 1716 390 suam
1755 355 1998 405 confirmare
2028 359 2275 401 ‹loitrcn.i›22.
2306 365 2340 401 1-

1243 420 1306 444 mo
1335 406 1368 443 8<
1397 405 1549 444 Ethnici
1581 406 1678 456 ipsi,
1719 406 1872 455 Celsus,
1916 408 2150 462 Porphyrius
2171 444 2182 462 ,
2221 416 2340 455 Julia-

1242 473 1337 508 nus,
1366 461 1433 512 qui
1467 457 1702 510 Religionem
1722 458 1977 499 Christianam
2006 477 2247 518 quocumque
2278 482 2341 519 po-

1242 521 1390 551 tuerant
1410 511 1700 551 cavillationum
1718 542 1728 561 ,
1757 527 1802 552 ac
1822 513 2090 554 difficultatum
2120 532 2252 568 genere
2273 523 2343 558 im-

1241 574 1496 617 pugnarunt,
1544 578 1744 618 nunquam
1785 576 1910 605 tamen
1957 569 2002 606 de
2044 569 2343 622 Evangeliorum

1239 618 1448 658 αὐθητίαν
1478 617 1586 656 litem
1616 633 1768 657 movere
1798 622 1879 659 ausi
1910 631 1995 659 sunt
2028 621 2084 672 (b)
2103 649 2113 661 .

1295 669 1386 708 505.
1417 670 1583 710 Ulterius
1622 673 1687 724 qui
1720 680 1853 712 ⁴nostra
1882 674 2091 727 Evangelia
2133 677 2192 715 vel
2243 678 2342 716 foede

1239 723 1487 772 truncabant,
1537 724 1594 762 vel
1626 727 1772 777 penitus
1814 726 2063 778 rejiciebant,
2110 744 2184 769 non
2227 732 2347 770 aliam

1240 773 1469 827 plerumque
1499 777 1614 828 hujus
1635 780 1688 816 rei
1719 794 1875 818 causam
1905 783 2192 834 praetexebant,
2224 799 2342 837 quam

1239 826 1339 878 qnod
1369 839 1487 867 essent
1516 844 1649 870 eorum
1691 835 1885 872 erroribus
1921 836 2101 884 adversa,
2146 848 2185 875 ut
2214 839 2342 876 videre

1236 888 1290 917 est
1318 880 1420 931 apud
1463 881 1634 922 laudatos
1664 899 1778 937 supra
1809 888 2025 936 Irenaeum,
2069 890 2103 926 8t
2134 890 2343 930 Tertullia-

1236 945 1332 969 num
1350 961 1360 979 ,
1391 931 1425 968 8<
1448 934 1696 986 Augustiuum
1716 965 1726 976 .
1758 940 1807 976 Hi
1838 950 1965 979 autem
1987 941 2113 981 Patres
2143 958 2344 996 argumen-

1236 993 1273 1022 to
1301 987 1474 1036 opposito
1504 989 1704 1027 utebantur
1733 993 1780 1028 ad
1810 991 2106 1045 Evangeliorrnn
2147 1001 2346 1036 veritatem

1235 1037 1591 1088 demonstrandam,
1622 1044 1714 1093 quia
1743 1044 1885 1082 scilicet
1914 1046 2125 1088 doetrinam
2154 1053 2346 1090 continent

1236 1104 1358 1139 verae,
1389 1090 1423 1127 &
1456 1094 1624 1144 antiquae
1654 1095 1845 1134 traditioni
1873 1110 2188 1148 consentaneain;
2225 1118 2345 1155 quam

1236 1144 1480 1183 traditionem
1498 1147 1751 1198 >potissimum
1779 1150 1816 1186 in
1843 1149 2024 1190 Ecclesiis
2047 1154 2271 1205 Apostolicis
2288 1170 2346 1193 re-

1236 1198 1466 1249 quirendam
1496 1212 1572 1237 esse
1602 1201 1910 1254 praecipiebant,
1941 1204 1979 1241 in
2001 1206 2137 1256 primis
2156 1217 2285 1248 autem
2306 1211 2348 1246 in

1236 1249 1412 1289 Ecclesia
1430 1249 1602 1291 Romana
1621 1283 1631 1300 ,
1662 1258 1724 1290 cui
1753 1264 1884 1293 totam
1914 1255 2139 1297 doctrinam
2172 1261 2344 1310 Apostoli

1234 1315 1327 1340 cum
1356 1308 1554 1356 sanguine
1583 1319 1652 1343 suo
1692 1307 1952 1359 profuderunt
1970 1340 1980 1356 ‚
2026 1321 2066 1349 ut
2096 1314 2221 1366 inquit
2252 1315 2346 1351 Ter-

1236 1356 1421 1395 tullianus
1452 1360 1466 1408 (
1498 1357 1546 1396 de
1573 1364 1795 1411 praescript.
1825 1360 1914 1400 adv.
1947 1362 2097 1403 Hoerec.
2131 1368 2165 1415 );
2211 1367 2260 1407 ὢ·
2291 1364 2376 1405 (κζ’

1238 1423 1360 1461 quam
1389 1421 1546 1460 propter
1581 1416 1772 1462 potiorem
1812 1417 2153 1466 principalitatem
2184 1433 2347 1459 necesse

1237 1472 1295 1500 esi
1323 1477 1485 1501 omnem
1515 1471 1722 1504 contenire
1743 1466 1975 1507 Ecclesiam
1993 1500 2005 1518 ‚
2035 1481 2074 1509 ut
2103 1474 2156 1510 ait
2177 1474 2347 1511 Irenaens

1236 1515 1342 1555 laud.
1372 1517 1462 1555 Lib.
1485 1518 1554 1556 III.
1586 1533 1619 1557 c.
1652 1519 1689 1558 3.

1291 1569 1382 1608 306.
1412 1570 1524 1617 Quod
1545 1572 1576 1610 si
1596 1572 1745 1624 aliquas
1766 1573 1859 1613 alias
1875 1589 2005 1614 causas
2024 1576 2343 1630 afferebant'reji-

1235 1623 1362 1661 ciendi
1391 1622 1599 1676 Evangelia
1617 1656 1627 1673 ‚
1659 1636 1697 1664 ut
1725 1627 1974 1680 apocrypha,
2018 1644 2074 1668 eae
2104 1633 2197 1670 adeo
2228 1633 2346 1670 frivo-

1235 1675 1284 1713 lae
1306 1684 1436 1723 erant,
1470 1685 1509 1714 ut
1540 1680 1674 1716 merito
1695 1690 2044 1720 contemnerentur:
2074 1698 2134 1722 ex.
2155 1699 2211 1736 gr.
2241 1686 2344 1737 quod.

1235 1728 1276 1766 S.
1307 1728 1516 1768 Matthaeus
1545 1731 1590 1769 de
1632 1734 1754 1784 seipso
1800 1733 1978 1786 loquatur
2009 1737 2046 1774 in
2075 1739 2182 1775 tertia
2212 1751 2343 1790 perso-

1234 1795 1307 1827 na;
1351 1782 1463 1834 plura
1493 1785 1597 1822 enim
1628 1795 1831 1837 suppetunt
1859 1783 2036 1839 exempla
2073 1792 2187 1828 etiam
2220 1791 2350 1841 profa-

1235 1848 1370 1872 norum
1399 1835 1597 1874 auctorum
1616 1867 1626 1885 ‚
1657 1841 1724 1890 qui
1755 1841 1808 1877 ita
1837 1839 1882 1877 de
1912 1842 2045 1891 seipsis
2066 1856 2346 1894 nonnunquam

1233 1886 1350 1925 locuti
1378 1898 1494 1936 sunt,
1538 1891 1632 1942 quin
1661 1900 1788 1928 tamen
1828 1892 1952 1930 ullum
1982 1894 2027 1931 de
2056 1896 2278 1933 eorumdem
2306 1910 2349 1932 ο·

1234 1941 1391 1991 peribus
1421 1941 1585 1979 dubium
1616 1943 1852 1983 suboriatur.
1884 1945 1925 1982 Id
1955 1958 2081 1985 autem
2112 1949 2233 1987 multo
2263 1964 2345 1986 ma-

1234 1994 1289 2044 gis
1321 2003 1500 2044 praestare
1530 2004 1732 2047 potuerunt
1761 1999 1960 2050 scriptores
1990 2003 2182 2042 sswuedsou
2224 2006 2345 2052 inspi-

1235 2050 1316 2084 rati
1344 2060 1372 2084 a
1402 2046 1517 2097 Deo,
1555 2050 1624 2100 qui
1654 2064 1698 2089 ea
1726 2049 1860 2090 litteris
1889 2053 2147 2102 mandabant,
2177 2069 2264 2106 qua:
2295 2057 2344 2094 iis

1234 2098 1400 2150 Spiritus
1429 2100 1471 2138 S.
1502 2100 1700 2141 distabat.

1289 2153 1382 2202 307.
1414 2153 1616 2204 Frigidum
1661 2156 1801 2207 pariter
1844 2165 1950 2205 erat,
1993 2157 2032 2194 ,ἃ
2075 2156 2346 2208 levissimum,

1232 2205 1336 2256 quod
1364 2203 1599 2255 objiciebant
1621 2210 1748 2258 primo
1767 2222 1822 2246 ex·
1833 2223 1996 2248 numero
2015 2210 2314 2263 Evangeliorum
2331 2228 2345 2259 ς

1234 2257 1433 2308 Apostolus
1463 2259 1591 2307 enim,
1636 2261 1888 2312 inquiebant,
1920 2262 2037 2302 Rom.
2066 2263 2120 2301 Il.
2157 2265 2216 2304 16.
2247 2279 2344 2304 non·

1235 2311 1306 2348 nisi
1338 2324 1454 2348 unum
1476 2311 1732 2363 Evangelium
1754 2316 1948 2365 agnovisse
1978 2317 2153 2366 videtur,
2183 2319 2340 2367 diceus,

1236 2363 1453 2402 secundum
1485 2363 1753 2418 Evangelium
1783 2381 1945 2413 mcum‚·
1986 2370 2122 2407 deinde
2150 2384 2196 2408 ex
2224 2385 2340 2410 evan-

1233 2417 1420 2468 geliorum
1464 2418 1598 2464 titulo;
1637 2434 1705 2457 cur
1732 2422 1835 2459 enim
1858 2451 1867 2469 ‚
1911 2423 2221 2474 interrogabant,
2263 2438 2341 2464 non

1234 2469 1477 2522 appellantur
1513 2471 1723 2522 Evangelia
1759 2473 1963 2523 Matthaei,
2008 2475 2134 2514 Marci
2164 2477 2235 2514 διο.
2279 2479 2343 2516 sed

1235 2525 1356 2574 potius
1386 2523 1598 2574 Evangelia
1633 2526 1851 2565 secundum
1890 2527 2165 2578 matthaeum,
2205 2543 2344 2568 secun·

1235 2575 1330 2613 dum
1358 2576 1553 2615 Marcum
1582 2578 1669 2618 &a
1700 2581 1770 2618 nisi
1803 2590 1842 2618 ut
1884 2582 1970 2619 inde
2011 2585 2344 2634 cognosceremus,

1239 2642 1312 2668 non
1341 2631 1440 2682 ipsos
1469 2629 1721 2680 Matthaeum,
1766 2633 1944 2672 Marcum
1976 2634 2046 2673 &c.
2091 2637 2153 2673 sed
2197 2637 2348 2689 aliquos

1239 2684 1458 2735 posteriores
1479 2682 1652 2722 homines
1680 2699 1725 2723 ea
1741 2685 1949 2739 Evangelia
1970 2691 2234 2741 conscripsisse
2250 2720 2261 2738 ,
2289 2705 2347 2728 se·

1238 2737 1408 2774 cundum
1436 2738 1538 2789 quod
1565 2752 1588 2776 a
1617 2736 1802 2778 Matthaeo
1819 2769 1830 2788 ,
1861 2739 1996 2779 Marco
2026 2741 2095 2780 ἃς.
2124 2743 2347 2782 audierant.

2200 2797 2293 2836 508.

1240 2912 1280 2944 pe
1307 2903 1403 2935 illurn
1428 2911 1532 2944 neque
1558 2899 1682 2935 Paulus
1710 2899 1819 2935 Deum
1842 2901 1962 2934 dicere
1998 2912 2100 2936 ausus
2127 2911 2208 2945 ese,
2245 2916 2348 2951 neque

1240 2947 1422 2981 Alatthaeus
1436 2969 1447 2987 ‚
1472 2960 1574 2991 neque
1600 2947 1709 2980 Lucas
1726 2969 1736 2987 ,
1763 2959 1864 2991 neque
1882 2948 2023 2982 Marcus
2038 2962 2051 2986 ,⁸
2079 2952 2142 2983 secl
2166 2953 2269 2985 bonus
2288 2956 2352 2988 ille

1241 2993 1391 3027 Jocmnes
1412 3015 1460 3025 ....
1483 2997 1612 3036 primus
1640 2995 1679 3026 id
1701 2996 1848 3037 prodere
1873 3007 1974 3027 ausus
2000 3003 2076 3028 est.
2110 2997 2190 3040 Quo
2217 2997 2292 3031 loco
2317 3003 2348 3032 δέ

1240 3040 1402 3073 Freretus
1428 3040 1648 3080 revincitur,
1673 3040 1734 3084 qui
1753 3040 1943 3084 Evangelia
1969 3041 2041 3074 suis
2070 3043 2265 3077 auftoribns
2285 3045 2348 3079 ab-

1237 3084 1398 3130 judicat,
1425 3088 1455 3117 &
1481 3086 1654 3119 Sociniani
1682 3087 1936 3126 confutantur,
1972 3088 2031 3132 qui
2059 3089 2193 3122 Christi
2219 3088 2347 3122 divini-

1239 3141 1347 3164 tatem
1373 3132 1415 3165 ab
1431 3132 1651 3175 Evangelista
1671 3132 1805 3165 Joanne
1825 3132 2022 3167 luculenter
2041 3146 2239 3180 expressam
2258 3146 2344 3178 prae-

1238 3178 1339 3210 sraCte
1367 3178 1591 3210 inficiantur.
1636 3177 1749 3211 Facile
1786 3184 1903 3211 antem
1941 3189 2031 3215 esset
2061 3179 2280 3215 concordiam
2306 3180 2338 3211 S-

1238 3224 1381 3257 Joannis
1408 3224 1441 3256 in
1469 3224 1532 3256 hoc
1557 3222 1718 3268 dogmate
1746 3234 1827 3257 cum
1855 3226 1932 3260 :iliis
1971 3227 2200 3272 scriptoribus
2235 3224 2343 3258 sacris

1240 3278 1362 3305 contra
1385 3270 1566 3308 sulianum
1591 3268 1797 3312 ostendere,
1823 3273 1852 3307 si
1878 3273 1973 3309 locus
1998 3272 2032 3306 id
2059 3273 2206 3306 sineret·

1648 3328 1694 3371 ¹7
