2564 3706
689 48 988 97 ECCLESIA
1022 48 1321 96 DEFICERE
1355 47 1489 94 NON
1521 49 1786 96 POTEST.

91 134 144 176 rii
173 133 302 175 locum
331 131 528 186 objicienti
549 132 601 171 ita
620 132 817 184 respondet
847 133 863 184 (
885 146 945 185 ep.
966 130 1032 185 93.
1061 131 1114 170 al.
1135 130 1203 177 48.

92 202 131 230 n.
155 189 218 229 50.
247 204 326 242 seq.
357 189 397 235 ):
426 185 600 224 Ecclesia
620 184 836 235 aliquando
862 183 1124 234 obscuratur,
1153 186 1203 226 <9-

93 252 293 294 tanquam
313 237 560 279 obnubilatur
589 237 838 277 multitudine
858 237 1144 277 scandalorum
1160 264 1203 278 ..-

92 296 164 334 secl
184 300 309 334 etiam
329 302 422 330 tunc
452 296 492 329 in
521 292 867 345 suisfirmissimis
886 297 1034 331 eminet
1125 292 1203 330 Ta-

93 349 130 387 le
158 358 251 386 tunc
279 354 369 385 erat
397 355 551 396 tempus
569 377 580 395 ,
623 346 672 384 de
700 359 775 397 quo
803 350 958 397 scripsit
986 344 1170 384 Hilarius
1190 376 1202 395 ‚

93 400 198 440 unde
226 402 374 452 putasti
403 397 675 438 insidiandum
705 404 935 438 testimonia
963 407 1019 438 tot
1049 400 1204 448 (lirina,

90 463 291 506 tanquam
309 458 467 503 perierit
496 452 683 491 Ecclesia
713 453 762 492 ‹le
780 453 870 492 orbe
897 464 1121 492 terrarum.
1151 454 1203 491 0-

92 508 226 547 stendit
255 517 382 546 autem
413 508 539 560 primo
557 537 568 554 ,
599 505 668 544 illo
690 507 922 545 Asianorum
943 516 1112 559 tempore
1138 504 1204 543 ob-

91 563 218 600 scuris
246 566 421 612 ipsorum
451 559 571 598 verbis
603 561 746 598 multos
772 565 885 609 parri
912 573 1052 598 sensus
1068 560 1205 612 fuisse

93 613 276 664 delusos,
305 623 346 652 ut
374 621 558 666 putarent
580 612 649 652 hoc
678 612 786 652 credi
815 613 865 652 ab
885 615 1073 662 Arianis,
1103 611 1205 664 quoii

91 672 222 707 etiam
264 672 336 719 ipsi
364 664 577 705 credebant
593 683 608 712 ,-
655 668 846 720 quomodo
887 668 1059 720 deceptos
1090 669 1204 705 fuisse

91 718 220 761 Patres
247 719 413 760 concilii
444 721 726 768 Ariminensis,
774 731 931 760 certum·
960 730 1013 759 est
1031 748 1041 758 .
1090 721 1204 758 Addit

90 774 256 824 deinde,
286 773 327 812 S.
349 773 547 812 Hilarium
575 776 725 813 nonnisi
752 773 801 812 de
829 774 962 812 decem
982 775 1086 813 Asiae
1115 785 1204 825 pro-

89 829 229 867 vinciis
259 827 373 866 fuisse
400 825 595 876 locutum,
642 842 735 880 quas
765 828 1010 879 potissimum
1038 827 1206 865 turbavit

91 882 236 921 Ariana
266 879 406 920 fatuo.
436 881 492 920 Ac
521 881 679 920 demum
701 881 784 918 liaec
800 909 811 928 ,
840 892 931 933 quae
952 881 1129 919 videntur
1147 881 1207 917 di-

94 931 153 972 sta
185 935 231 973 de
259 935 468 982 omnibus,
498 947 571 973 non
599 947 678 973 esse
708 943 835 972 tamen
863 933 909 969 de
937 933 1119 970 omnibus
1148 935 1208 970 in-

91 987 327 1040 telligenda3
374 987 520 1027 habent
547 991 656 1025 enim
685 989 810 1024 etiam
838 989 1048 1036 scripturae
1084 996 1209 1022 cano-

90 1044 197 1079 nicoe
225 1040 328 1080 hunc
355 1038 553 1094 arguendi
572 1051 725 1076 morem
742 1068 752 1087 ,
783 1047 822 1074 ut
837 1046 1052 1089 tamquam
1079 1041 1210 1075 omni-

91 1091 161 1132 bu's
190 1093 375 1143 dicatur,
405 1095 455 1136 <9-
484 1091 542 1131 ad
567 1090 763 1144 quosdam
794 1089 955 1129 verbum
981 1095 1208 1142 perveniat.

148 1160 213 1200 79.
242 1147 284 1186 S.
313 1147 541 1200 Hieronymi
570 1145 713 1197 pariter
740 1141 841 1182 dista
872 1143 1129 1197 hyperbolica
1153 1157 1211 1182 es-

88 1213 156 1248 se,
196 1213 330 1238 omnes
355 1207 526 1246 norunt,
568 1198 636 1250 qui
664 1209 742 1236 non
769 1199 976 1250 ignorant,
1019 1209 1053 1236 1.
1083 1194 1210 1236 Patres

88 1254 134 1292 in
161 1252 339 1292 Concilio
367 1251 606 1292 Ariminensi
650 1253 802 1291 incaute
831 1251 988 1304 quidem
1027 1251 1208 1289 formulae

86 1304 167 1345 sibi
193 1304 245 1345 ab
274 1305 430 1345 Arianis
457 1304 599 1345 oblatae
628 1303 924 1356 subscripsisse,
962 1304 1054 1343 fidei
1080 1313 1209 1343 tamen

91 1357 268 1398 Nicaenae
296 1369 507 1398 constanter
534 1357 765 1397 adhaesisse:
805 1371 842 1396 2.
872 1360 912 1397 in
941 1355 1090 1397 Concil.
1122 1359 1210 1397 Ari-

88 1413 258 1451 minensi
287 1425 364 1452 non
394 1413 510 1451 fuisse
541 1420 659 1450 totum
679 1411 866 1450 mundum
884 1440 895 1461 ,
924 1413 1005 1450 imo
1030 1424 1100 1450 nec
1129 1425 1211 1451 ma—

91 1464 215 1516 jorem
243 1465 326 1518 ejus
355 1475 505 1519 partem
534 1465 780 1504 conclusam.
825 1465 925 1505 Nam
955 1466 996 1505 S.
1026 1465 1211 1504 Athanas-

95 1517 256 1557 hiennio
283 1527 364 1572 post
384 1519 641 1558 calamitatem
659 1518 957 1557 Ariminiensem
977 1521 1030 1557 ita
1045 1519 1214 1557 Jovinia·

94 1584 144 1610 no
173 1570 274 1624 Imp.
303 1572 495 1612 scribebat
523 1586 588 1612 an.
608 1572 726 1612 565:
775 1571 955 1611 Tametsi
983 1577 1102 1625 pauci
1130 1575 1214 1624 qui-

91 1623 193 1662 dam
223 1624 310 1664 huic
327 1623 433 1679 fidei
463 1626 713 1678 (Nicaenae)
745 1625 1033 1676 adversentur,
1062 1627 1210 1678 praeju-

93 1676 242 1716 dicium
270 1687 412 1717 tamen
428 1677 582 1732 facere
609 1691 691 1717 non
719 1687 909 1731 possunt,
952 1682 1091 1731 quippe
1119 1691 1213 1717 cum

93 1730 198 1770 orbis
227 1735 428 1770 universus
457 1733 725 1786 apostolicam
742 1731 878 1786 fidem
908 1737 1083 1771 retineat
1113 1733 1179 1785 (a)
1199 1758 1212 1772 .

95 1783 146 1824 Et
174 1797 250 1823 non
289 1782 415 1824 multo
443 1795 524 1838 post
564 1785 616 1824 ita
645 1786 688 1825 S.
718 1786 882 1825 Basilius
917 1786 1110 1825 scribebat
1139 1786 1214 1825 Ec·

92 1835 222 1881 elesIae
241 1835 518 1878 Evaesenorum
544 1837 694 1891 epistol.
714 1840 843 1878 CCLI.
874 1840 988 1878 Tom.
1009 1839 1076 1878 ΙΙΙ.
1106 1849 1213 1878 state

96 1893 139 1928 in
156 1890 278 1943 fide:
307 1895 599 1943 circumspicite
626 1890 761 1931 orbem
781 1902 983 1932 terrarum
1000 1924 1010 1942 ‚
1041 1894 1090 1934 (9¹
1111 1891 1212 1932 vicie-

94 1952 134 1982 τε
161 1948 357 1998 exiguam
385 1958 474 1985 esse
500 1945 608 1984 hanc
634 1955 793 1998 partem
809 1977 821 1995 ,
863 1959 954 1998 quoe
983 1944 1119 1984 morbo
1153 1946 1213 1984 la·

96 1992 214 2034 horat
228 2011 242 2034 .·
271 1999 470 2048 reliquam
499 2008 638 2037 autem
667 1998 923 2048 Ecclesiam,
970 2011 1051 2050 qua
1077 2011 1108 2037 a
1137 2008 1214 2037 ter-

94 2053 219 2088 minis
248 2062 372 2102 usque
400 2049 456 2088 ad
483 2056 677 2090 terminos
705 2048 976 2105 Evangelium
1011 2053 1211 2104 suscepit,

95 2107 139 2142 in
167 2116 276 2142 sana
302 2103 380 2143 hac
406 2106 586 2153 versari,
615 2113 653 2143 et
681 2109 913 2158 incorrupta
941 2103 1122 2143 cloHrina
1138 2131 1150 2144 .

152 2157 221 2197 80.
250 2157 344 2210 Obj.
373 2155 446 2197 ult.
488 2158 533 2197 In
559 2157 661 2197 Sess.
688 2158 731 2197 5.
772 2159 888 2197 Conc.
914 2159 1213 2197 Constantiensis

93 2209 195 2250 inter
234 2209 332 2251 alias
376 2213 662 2251 constitutiones
701 2209 906 2262 synodales
952 2224 975 2248 a
1014 2210 1212 2250 Cardinal.

94 2262 235 2304 Franc.
254 2262 459 2304 Zaba-tella
487 2262 748 2316 promulgatas
778 2263 861 2302 haec
888 2264 1006 2302 etiam
1026 2272 1106 2302 crat
1123 2293 1133 2312 ,
1162 2276 1211 2302 ne

95 2317 315 2357 Concilium
343 2317 598 2365 dissolvatur,
627 2329 825 2368 quousque
853 2313 1042 2355 Ecclesia
1069 2321 1122 2355 sit
1150 2328 1211 2356 re-

84 2369 286 2424 formata
313 2373 356 2409 in
379 2368 500 2422 fide,
541 2369 592 2412 ἴθ’
620 2373 661 2408 in
691 2368 893 2409 moribus:
935 2370 1077 2409 censuit
1118 2383 1210 2423 ergo

93 2437 248 2462 sacrum
277 2422 525 2472 Concilium,
567 2424 783 2463 Ecclesiam
806 2454 817 2473 ,
859 2432 902 2463 ut
930 2423 974 2465 in
1009 2423 1208 2474 moribus,

94 2475 150 2515 ita
177 2477 295 2516 etiam
323 2478 363 2516 in
391 2476 468 2516 fide
495 2476 611 2518 fuisse
636 2477 921 2518 deformatam.

147 2624 198 2663 ’(α)
221 2619 276 2658 lbi
301 2632 420 2658 autem
444 2631 627 2659 enumerat
652 2625 828 2659 universas
848 2628 955 2659 totius
979 2622 1072 2659 orbis
1093 2622 1214 2659 Eccle-

100 2671 176 2702 ,νίας
192 2691 205 2712 ,
230 2682 344 2715 nempe
370 2671 548 2715 Hispania?
562 2693 575 2714 ‚
601 2671 789 2705 Britannia
804 2694 816 2712 ,
843 2672 992 2712 Galli-e,
1019 2677 1124 2706 totius
1142 2672 1214 2706 Ita-

97 2715 181 2756 lia,
206 2715 409 2758 Dalmatiae,
434 2717 580 2760 Daciae,
604 2717 737 2764 Mysia
752 2740 763 2759 ‚
789 2718 1026 2759 Macedoniae,
1057 2718 1213 2751 (ἕν-,τεία-

101 2774 189 2806 que,
224 2767 266 2796 (9⁹
291 2764 425 2808 Africa
451 2769 638 2805 univerae,
675 2778 803 2798 necnon
835 2766 1035 2806 Sardiniae,
1071 2766 1213 2809 Cypri),

103 2808 214 2842 Cretae
226 2831 238 2850 ,
256 2807 472 2856 Pampltrliae
485 2833 496 2852 ‚
521 2810 643 2857 Lyciae
655 2833 667 2853 ‚
691 2810 851 2853 Isauria,
869 2813 1034 2859 AEgypti
1049 2832 1061 2852 ,
1087 2810 1213 2853 Libiae,

104 2852 234 2897 Ponti,
259 2857 484 2902 Cappadociae
511 2864 586 2892 (γε.

156 2903 205 2942 (b)
229 2904 321 2938 Cum
346 2905 542 2938 Ecclesiam
568 2916 631 2939 nec
657 2903 850 2946 defecisse,
890 2913 953 2937 nec
979 2900 1123 2937 deficere
1149 2916 1215 2937 un—

105 2958 213 2990 quam
237 2960 336 2994 posse
361 2959 526 2992 tuemur,
551 2951 730 2996 loquimur
755 2953 868 2986 solum
894 2950 935 2984 de
961 2948 1148 2984 defectibus
1178 2951 1213 2984 in

106 2992 331 3038 dogmatibus
359 2994 435 3029 fidei
452 3019 463 3037 ,
499 3001 531 3030 &
555 3008 714 3031 morum.
756 2998 877 3042 Neque
903 2997 995 3030 enim
1022 3007 1213 3041 negamus,

105 3040 226 3084 plures
253 3042 288 3074 in
313 3038 537 3087 disciplinam
564 3043 752 3087 aliquando
783 3045 964 3089 irrepsisse
990 3043 1144 3083 abusus,
1182 3046 1214 3075 &

105 3087 221 3121 multa
246 3085 359 3122 adhuc
384 3090 563 3133 reperiri,
601 3100 680 3133 quae
705 3090 952 3124 reformatione
987 3087 1183 3133 indigerent
1203 3111 1212 3121 .

109 3132 243 3168 Sufficit
266 3145 307 3168 ea
330 3134 469 3180 legere,
503 3147 581 3180 quae
605 3137 640 3168 S.
666 3135 861 3171 Bernardus
888 3149 950 3170 suo
974 3144 1128 3181 tempore
1154 3134 1215 3168 de-

109 3178 269 3221 plorabat
295 3181 413 3221 mala,
439 3183 612 3226 praecipue
638 3182 672 3215 in
696 3184 797 3227 epist.
819 3184 899 3227 257.
926 3182 968 3216 ad
994 3182 1212 3226 Eugenium,

109 3232 187 3257 tum
211 3238 288 3271 qua·
314 3228 513 3262 scribebant
540 3227 649 3262 Guill.
668 3228 855 3263 Durandus
875 3230 1065 3274 Episcopus
1085 3229 1214 3262 Mima-

110 3271 218 3305 tensis
242 3271 348 3309 distas
368 3275 572 3318 Speculacor
599 3275 636 3308 in
649 3273 756 3310 Traff.
780 3277 824 3312 de
849 3277 946 3311 modo
972 3285 1087 3321 gener.
1115 3285 1211 3309 conc.

2237 71 2310 112 ¹9¹

1323 129 1390 168 81.
1422 125 1534 182 Hesp.
1564 129 1621 168 Ea
1651 131 1767 171 verba
1797 132 1993 172 reserenda
2028 147 2107 172 esse
2136 131 2184 172 ad
2213 145 2379 183 errores,

1269 195 1364 237 quos
1389 180 1501 221 Joan.
1531 182 1761 234 Wicleffus‚
1789 186 1898 224 Joein.
1922 187 2022 235 Hus,
2051 187 2086 224 8(
2119 187 2381 240 Hieronymus

1270 238 1316 275 de
1344 235 1464 288 Praga
1492 236 1531 273 in
1560 234 1733 274 Ecclesia
1763 250 2000 289 sparserant,
2037 240 2070 277 ἃ
2100 256 2123 280 a
2150 240 2292 294 quibus
2319 256 2380 280 sa-

1270 302 1382 329 crum
1410 287 1509 328 illud
1536 288 1753 327 Concilium
1783 291 1997 331 Ecclesiam
2041 287 2294 333 universalem
2322 307 2380 333 re—

1269 352 1529 396 praesentans,
1571 341 1785 380 Ecclesiam
1814 345 1938 396 ipsam
1970 359 2132 398 purgare
2161 348 2379 400 satagebat,

1271 396 1446 435 resecatis
1472 409 1612 448 nempe
1631 395 1794 449 putridis
1809 425 1820 444 ,
1846 395 1884 432 8<
1904 397 2053 437 infestis
2074 400 2278 439 membris.
2308 402 2379 439 Ce-

1269 459 1394 488 terum
1423 449 1631 502 plusquam
1674 449 1919 488 manifestum
1949 461 2022 499 est,
2065 466 2216 491 sacrum
2244 455 2383 494 Conci·

1272 503 1370 541 lium
1398 516 1596 556 nunquam
1626 504 1838 552 censuisse,
1875 503 2061 542 Ecclesiae
2092 507 2315 546 universalis
2337 508 2383 546 fi·

1270 556 1359 595 dem
1390 566 1453 594 aut
1482 557 1664 594 defecisse
1696 570 1886 610 unquam,
1916 567 1981 596 aut
2001 556 2161 596 deficere
2192 562 2382 610 potuisse;

1273 611 1311 648 id
1356 612 1516 662 inquam
1560 610 1806 648 manifestum
1846 620 1975 648 estex
2017 610 2189 661 ejusdem
2218 613 2384 652 concilii

1272 664 1400 702 verbis
1420 677 1506 702 sess.
1527 663 1632 702 VIII.
1653 663 1721 702 ubi
1744 665 1887 716 inquit:
1918 663 2072 702 saneta
2093 663 2281 703 Ecclesia
2305 664 2382 703 Ca-

1271 715 1419 755 tholica
1449 721 1489 754 in
1524 716 1631 770 fidei
1661 722 1823 755 veritate
1865 722 2025 768 superni
2067 718 2229 756 luminis
2259 719 2384 757 radiis

1272 770 1494 818 illustrata,
1537 770 1714 809 Domino
1755 770 1980 820 providente
1999 801 2010 821 ,
2053 772 2104 813 (ΙΨ
2146 770 2387 810 Sanciorum

1273 827 1496 875 patrocinio
1534 838 1652 874 opem
1677 823 1873 875 ferente,
1919 838 2078 877 semper
2108 826 2386 865 immaculata

1276 888 1522 926 permanens
1540 908 1551 926 ,
1581 882 1725 916 erroris
1753 877 1944 928 tenebris,
1974 880 2092 918 veluti
2110 878 2280 920 hostibus
2298 893 2386 932 pro-

1259 928 1453 981 fugatis,
1481 931 1766 983 gloriosissime
1794 931 2074 982 triumphavit.

1333 982 1471 1035 Reipsa
1503 994 1626 1034 postea
1657 993 1730 1023 tota
1759 986 1981 1025 reformatio
2010 988 2048 1025 iu
2071 1000 2115 1024 eo
2129 984 2302 1026 Concilio
2328 1001 2388 1027 san

1277 1032 1441 1073 lubriter
1471 1035 1570 1075 fasta
1600 1051 1724 1076 mores
1753 1040 2041 1089 tantummodo,
2077 1039 2112 1077 &
2139 1040 2390 1094 disciplinam

1276 1084 1488 1140 spefiavit.
1585 1128 1587 1131 ,

1332 1141 1400 1180 82.
1429 1140 1612 1180 Scholion
1631 1168 1641 1180 .
1670 1138 1713 1180 'Si
1729 1156 1865 1181 verum
1893 1152 1973 1193 est,
2001 1144 2216 1184 Ecclesiam
2238 1160 2308 1185 nec
2323 1147 2389 1186 de·

1277 1194 1412 1233 fecisse
1442 1208 1613 1247 unquam
1635 1226 1647 1245 ,
1677 1209 1744 1234 nec
1774 1196 1937 1235 deficere
1965 1210 2098 1248 posse,
2128 1208 2168 1236 ut
2197 1199 2282 1237 luce
2312 1214 2392 1238 me—

1275 1247 1426 1287 ridiana
1455 1248 1599 1287 clarius
1626 1258 1816 1288 ostensum
1839 1251 1932 1298 fuit,
1964 1251 2162 1288 manifeste
2190 1255 2392 1304 consequi·-

1276 1307 1339 1340 tur
1354 1332 1365 1351 ‚
1394 1299 1515 1340 solam
1536 1300 1751 1340 Ecclesiam
1771 1302 2200 1343 Catholico-Romanam
2230 1319 2307 1343 esse
2330 1319 2393 1343 ve-

1277 1367 1363 1393 ram
1385 1385 1396 1403 ,
1439 1368 1568 1393 omnes
1598 1365 1726 1393 autem
1755 1354 1852 1393 alias
1893 1353 2011 1395 aenas
2038 1371 2117 1395 esse
2146 1357 2281 1404 falsas;
2325 1357 2393 1399 illa

1277 1410 1381 1447 enim
1401 1407 1482 1448 sola
1501 1409 1547 1447 de
1567 1409 1792 1462 antiquitate
1809 1422 1876 1447 sua
1895 1411 2034 1447 merito
2061 1410 2244 1461 gloriatur
2260 1441 2270 1460 ,
2301 1425 2392 1451 cuin

1280 1462 1467 1514 quaelihet
1496 1462 1573 1501 alia
1603 1461 1701 1500 secia
1729 1463 1935 1500 novitatem
1964 1478 2073 1501 suain
2103 1477 2326 1515 agnoscere,
2358 1464 2392 1501 δε

1282 1517 1393 1554 fateri
1423 1516 1583 1554 debeat.
1627 1516 1710 1554 Deo
1739 1516 1855 1568 igitur
1884 1517 1974 1568 Opt.
2004 1514 2113 1555 Max.
2153 1519 2221 1569 qui
2263 1532 2324 1555 me
2354 1520 2393 1556 in

1282 1567 1503 1620 hujusmodi
1539 1569 1726 1607 Ecclesiae
1754 1571 1841 1608 sinu
1872 1572 1995 1618 nasci,
2045 1570 2078 1607 8<
2116 1569 2272 1609 educari
2306 1586 2393 1624 spe=

1281 1623 1373 1662 ciali
1401 1622 1590 1661 beneficio
1605 1622 1751 1670 voluit,
1781 1624 1912 1674 gratiae
1942 1625 2181 1675 sempiternae
2204 1622 2260 1676 (b)
2279 1651 2288 1662 .
2318 1624 2394 1664 Sed

1280 1678 1467 1729 quoniam
1496 1674 1569 1714 hoc
1598 1685 1868 1727 argumentum
1894 1685 1950 1714 ‘est
1979 1686 2108 1715 contra
2143 1690 2275 1717 ornnes
2302 1672 2394 1716 Pro-

1280 1738 1454 1768 testantes
1482 1729 1691 1768 admodum
1721 1728 1858 1767 efficax
1875 1759 1885 1777 ‚
1927 1743 2056 1782 operae
2087 1731 2254 1782 pretium
2281 1731 2394 1772 duci-

1280 1796 1394 1832 mus,
1424 1782 1523 1822 illud
1552 1782 1752 1836 aliquanto
1779 1782 1938 1821 uberius
1968 1782 2162 1836 explicare
2181 1811 2191 1823 .

1622 1885 1904 1928 CAPUT
1987 1886 2057 1927 IV.

1279 1993 1352 2034 Ex
1373 1992 1656 2032 demonstrata
1686 1990 1876 2033 haetenus
1896 1990 2095 2033 Ecclesiae
2124 1996 2279 2035 visibilis
2306 2010 2394 2048 per-—

1333 2048 1746 2101 petuitatecolligitur
1763 2078 1774 2096 ,
1805 2047 1949 2086 Sectas
1969 2079 1980 2096 ,
2010 2061 2098 2099 φησι)
2124 2049 2177 2087 ab
2205 2049 2397 2091 Ecclesia

1339 2100 1756 2140 Romano-catholica
1783 2114 1827 2138 se
1855 2111 2098 2153 separarunt
2114 2130 2125 2151 ,
2151 2115 2242 2141 esse
2271 2114 2394 2143 extra

1336 2153 1571 2194 Ecclesiam
1604 2153 1773 2191 Christi.

1333 2260 1400 2300 83.
1420 2234 1572 2304 Solent
1602 2272 1752 2312 semper
1779 2255 1970 2298 Catholici
2001 2272 2134 2312 urgere
2162 2275 2295 2302 omnes
2323 2259 2392 2303 lie-

1277 2315 1473 2354 terodoxos
1503 2313 1630 2352 verbis
1659 2312 1892 2352 Tertulliani
1924 2313 1972 2352 cle
1999 2319 2219 2365 praescript,
2251 2316 2389 2357 liceret.

1274 2382 1312 2407 c.
1335 2368 1399 2407 32.
1430 2366 1571 2406 Edant
1592 2380 1685 2419 ergo
1702 2370 1876 2419 origines
1892 2363 2173 2406 Ecclesiarum
2202 2382 2392 2421 suarum,

1276 2422 1456 2460 evolvant
1485 2419 1667 2460 ordinem
1697 2420 1987 2472 Episcoporum
2017 2436 2203 2471 suorum,
2234 2428 2292 2463 ita
2321 2436 2391 2475 per

1277 2480 1548 2515 successiones
1567 2472 1618 2514 ab
1638 2475 1751 2513 initio
1772 2470 2048 2514 decurrentem
2070 2503 2081 2525 ,
2111 2485 2151 2514 ut
2168 2481 2318 2528 primus
2347 2480 2392 2517 il—

2301 2532 2338 2571 Ie

1281 2623 1409 2660 celebr.
1436 2620 1579 2657 Cardin.
1607 2618 1730 2656 Petrus
1756 2615 1797 2653 ‘tle
1817 2617 1977 2662 niliaco,
2003 2623 2219 2663 Gersonius,
2247 2627 2278 2657 &
2303 2621 2388 2658 alii:

1278 2670 1454 2717 praecipue
1481 2678 1598 2702 autem
1617 2668 1731 2701 Nicol.
1757 2666 1798 2700 (le
1818 2669 2029 2712 Clemangiis
2058 2671 2092 2702 in
2119 2672 2251 2704 famoso
2267 2683 2330 2705 suo
2347 2672 2392 2705 li-

1279 2719 1344 2752 bro
1367 2718 1410 2750 ‹le
1437 2723 1593 2759 corrupto
1619 2713 1790 2748 Ecclesiae
1816 2723 1905 2747 statu
1922 2738 1929 2746 .
1975 2716 2036 2749 His
2063 2716 2213 2760 querelis
2249 2726 2393 2752 resona-

1279 2765 1365 2799 bant
1391 2763 1497 2796 etiam
1525 2761 1682 2796 Concilia
1710 2762 1895 2801 Pisanum,
1921 2763 2184 2796 constantiense
2201 2786 2210 2803 ,
2235 2765 2266 2796 δι
2294 2765 2390 2798 Basi⁶

1278 2811 1395 2844 ieense
1409 2831 1420 2849 ,
1442 2817 1480 2842 nt
1501 2809 1585 2842 alios
1605 2808 1873 2852 praetermittam
1889 2829 1900 2847 ,
1926 2821 2075 2853 quorum
2095 2811 2293 2844 testimonia
2313 2821 2388 2845 stu-

1278 2855 1375 2891 diose
1400 2855 1614 2900 collegerunt
1636 2854 1896 2895 protestantes,
1922 2863 1959 2887 ut
1986 2856 2032 2888 ita
2055 2857 2227 2901 imperitis
2245 2869 2389 2902 persua-

1280 2902 1426 2941 derent,
1463 2902 1695 2936 necessariam
1720 2900 1846 2940 fuisse,
1891 2912 1998 2945 (piam
2025 2903 2226 2945 Lutlierus,
2258 2903 2389 2949 aliique

1281 2948 1470 2984 infeliciter
1483 2957 1733 2992 susceperunt,
1753 2947 1918 2981 Ecclesia!
1935 2947 2367 2993 pseudo-relormntionem
2379 2973 2388 2983 .

1281 2997 1413 3030 Verum
1441 2994 1542 3027 Facile
1581 2996 1647 3027 fuit
1675 2992 1866 3027 Catholicis
1901 2994 2130 3040 respondere:
2169 2998 2388 3030 reformatio-

1283 3052 1360 3075 nem
1377 3062 1387 3080 ,
1415 3051 1492 3084 quae
1519 3041 1562 3074 ab
1586 3038 1749 3074 omnibus
1773 3036 1872 3074 lionis
1903 3040 2192 3082 desiderabatur,
2220 3041 2323 3076 fuisse
2352 3044 2386 3074 in

1281 3087 1468 3132 disciplina
1493 3094 1653 3126 tantum,
1687 3098 1764 3131 quae
1791 3085 1978 3121 admodum
2004 3087 2155 3132 collapsa
2182 3099 2282 3127 erat,
2309 3089 2386 3120 nul—

1282 3136 1420 3168 latenus
1445 3141 1561 3166 autem
1587 3134 1621 3166 in
1649 3129 1736 3174 fide,
1772 3145 1848 3178 quae
1873 3135 2040 3178 singulari
2069 3135 2131 3170 Dei
2168 3133 2384 3180 providentia

1283 3182 1318 3214 in
1347 3188 1444 3214 tanta
1469 3190 1606 3214 morum
1633 3181 1854 3224 corruptione
1880 3189 1997 3221 sarta,
2037 3184 2069 3213 &
2095 3182 2218 3214 intacta
2251 3192 2319 3212 sem
2336 3188 2385 3211 ier

1283 3235 1487 3261 conservata
1512 3228 1650 3267 fuerat3
1678 3229 1710 3258 ἀ
1737 3225 1824 3260 nihil
1851 3227 1884 3260 in
1911 3228 2194 3266 constantiensi,
2234 3234 2290 3257 aut
2346 3235 2383 3258 a—

1281 3274 1445 3314 sileensi,
1470 3280 1575 3318 atque
1602 3274 1637 3307 in
1660 3273 1819 3308 omnium
1843 3281 2020 3320 'postrema
2041 3272 2245 3308 Tridentina
2270 3272 2384 3317 Syno-
