2564 3706
930 127 1182 174 ECCLES.
1215 123 1336 170 EST*
1363 124 1666 172 APOSTOL..

121 250 124 252 .
177 212 284 266 3942
315 213 433 264 R'esp.
461 208 565 248 Ver-e
594 215 802 263 utrumque
843 212 1024 263 requiri,
1066 210 1100 247 8(
1130 210 1254 249 Pasto-

135 280 229 308 rum
255 267 530 306 successionem
561 263 610 302 ab
641 263 829 317 Apostolis
860 266 1131 317 incipientem,
1161 265 1194 301 8(
1215 279 1255 303 e·

118 322 231 359 -tiam
246 318 507 372 Apostolicam
534 317 750 356 doarium
772 348 782 366 ,
816 327 853 355 ut
869 317 1043 357 Ecclesia
1073 319 1224 356 dicatur
1241 348 1259 366 ‚.

120 372 175 412 ,δι
196 375 244 412 sit
264 372 480 426 Apostolica
497 399 509 411 .
536 372 579 411 Si
609 371 835 410 alterutrum
865 373 987 419 desit,
1018 371 1103 423 jam.
1118 372 1252 410 Eccle-

113 427 194 466 Aia
220 439 299 466 non
329 429 398 466 erit
428 424 674 479 Apostolica3
703 440 793 464 cum
816 427 930 478 igitur
951 425 1252 465 Protestantibus

114 479 229 521 desit
258 483 445 520 successio
474 478 693 532 Apostolica
710 510 721 529 ,
769 491 869 518 certe
897 493 1031 518 eorum
1075 494 1249 519 commu-

115 534 265 575 ‚niones
293 536 375 574 dici
401 548 482 574 non.
519 542 673 585 possunt
702 533 934 585 Apostolicae
953 561 962 571 .
1008 534 1046 571 ld
1078 548 1251 586 expresse

112 587 396 628 Tertullianus
425 588 509 631 loco
538 589 620 639 ipso
647 586 796 639 objeGO
823 587 873 626 ab
894 588 1095 626 Haereticis
1125 589 1250 639 exige-

129 640 226 690 bat,
256 643 456 695 inquiens:
486 644 544 679 ita
573 654 716 679 omnes
745 640 918 680 haereses
948 641 1004 680 ad
1037 652 1251 693 utramque

84 716 87 719 -
120 694 317 748 forlnam
340 698 355 746 (
376 708 515 746 nempe
544 695 593 732 ad
612 697 918 743 successionem,
949 695 982 731 8(
1002 695 1211 733 doctrinam
1235 695 1249 743 )

117 753 276 793 azostris
305 747 500 788 Ecclesiz's
529 757 757 799 provocatae
799 748 962 801 probent
990 763 1033 787 se
1062 762 1246 800 quoque,

115 811 173 840 ,ut
196 810 339 852 putant
359 834 370 852 ‚
400 804 643 853 apostolicas
661 830 672 842 .
701 802 816 841 Porro
846 803 962 841 facile
989 812 1069 841 erat
1093 802 1247 840 Tertul-

113 854 232 894 ..liano
260 858 480 906 ostendere,
522 857 811 896 Haereticorum.
843 858 907 894 sui
945 857 1126 909 temporis
1156 870 1244 894 con-

122 909 325 950 venticha
354 926 377 950 a
405 911 578 950 doctrina
607 909 826 963 Apostolica
863 910 975 962 longe
1018 912 1245 958 recessisse,

124 975 200 1006 nec
228 965 386 1004 omnino
414 964 573 1004 difficile
602 963 711 1002 nobis
738 971 830 1002 esset
859 963 898 1000 id
927 964 1054 1014 ipsum
1074 963 1244 1000 ostende-

120 1030 170 1056 ιε
199 1018 244 1056 de
265 1017 602 1058 communionibus
630 1016 922 1053 Protestantium
938 1029 949 1059 3
979 1015 1046 1052 sed
1064 1014 1253 1054 cumhoc-

118 1084 321 1121 ¹examen,
353 1082 392 1110 ut
419 1073 565 1124 saepius-
587 1070 739 1107 dictum.
762 1077 837 1116 est,
867 1067 1025 1105 rudium
1054 1069 1245 1120 capacita-

126 1132 205 1163 tem
234 1134 406 1178 superet,
435 1139 512 1163 non
533 1131 653 1175 potest
681 1122 793 1159 statui
824 1134 894 1173 pro
922 1128 1011 1159 nota
1031 1121 1243 1161 Ecclesiae.

127 1178 271 1218 Contra
297 1187 424 1216 autem
453 1191 512 1214 res
539 1189 578 1213 se
608 1173 723 1213 habet
752 1175 791 1212 in
820 1175 1057 1213 successione
1086 1174 1246 1228 Aposto-

117 1229 234 1279 lica,
264 1245 355 1284 quae
383 1233 427 1270 in
454 1231 638 1268 omnium-
660 1227 790 1267 oculos
819 1229 982 1268 incurrit
999 1254 1011 1267 .

76 1328 78 1330 ,
185 1285 279 1336 595.
310 1284 404 1335 Ohj.
436 1298 474 1323 2.
503 1282 680 1322 Ecclesia
708 1295 856 1334 graeca,
886 1281 1055 1335 aliaeque
1083 1283 1248 1322 orienta-

129 1335 186 1375 les
214 1350 290 1376 non
318 1337 449 1377 miuus
477 1350 595 1389 quam
627 1336 800 1375 Romana
828 1336 1044 1388 gloriantur
1072 1336 1119 1375 de
1148 1351 1248 1376 nun-

125 1404 247 1443 quam
276 1392 490 1444 interrupta
511 1389 707 1428 Pastorum
728 1391 994 1437 successione3
1024 1404 1092 1429 nec
1122 1399 1255 1429 tamen>

127 1441 316 1483 habemus
346 1458 414 1498 pro
444 1446 550 1483 veris*
571 1443 778 1483 Ecclesiis:
807 1456 890 1484 nonv
912 1445 1030 1497 igitur
1058 1446 1248 1484 successio

128 1497 353 1548 Apostolica
381 1497 522 1536 sufficit
551 1497 630 1536 διο.

183 1550 276 1602 596.
309 1551 421 1605 Resp.
439 1551 697 1606 Apostolicam
713 1552 996 1590 successionem·
1011 1552 1115 1604 apud
1131 1552 1245 1590 Grae-

121 1616 197 1646 ‚cos
219 1604 504 1655 schismaticos,
549 1604 721 1658 aliasque
750 1607 1037 1644 communiones
1078 1608 1245 1645 orienta-

124 1655 186 1695 les
209 1667 300 1697 tunc
330 1660 512 1698 defecisse
530 1688 540 1707 ,
584 1673 679 1697 cum⁴
704 1674 741 1698 se
770 1659 821 1699 ab
850 1658 1024 1698 Ecclesia
1053 1658 1244 1699 catholica

124 1721 374 1762 separarunt,
425 1713 565 1751 imo-8<
602 1713 643 1750 in
676 1726 833 1752 errores
875 1712 933 1751 ab⁴
955 1712 1131 1751 Ecclesia
1176 1714 1254 1752 da·

114 1774 278 1804 -mnatos
307 1767 548 1805 inciderunt.
591 1765 642 1805 Ut
671 1769 783 1805 enim
813 1780 930 1820 supra
958 1781 999 1805 n.
1022 1767 1114 1818 576.
1145 1768 1245 1806 vidi-

119 1830 209 1860 mus
238 1833 328 1858 cum
359 1819 628 1868 Tertulliano,
678 1829 719 1858 ut
749 1820 881 1873 aliqua
910 1819 1090 1870 Ecclesia,
1114 1822 1160 1859 sit
1190 1824 1242 1860 A·

119 1872 309 1925 postolica
330 1904 341 1922 ,
384 1888 534 1913 necesse
563 1883 642 1921 est,
680 1883 720 1912 ut
749 1873 935 1914 habuerit.
957 1883 1150 1913 auctorem
1169 1905 1179 1923 ,
1209 1875 1243 1913 8(

120 1934 398 1966 antecessorem
429 1927 602 1981 aliquem
632 1941 682 1965 ex.
707 1928 896 1980 Apostolis
917 1958 928 1976 ,
959 1927 1025 1965 vel·
1052 1928 1242 1980 Apostoli-

120 1979 178 2018 cis
199 1980 291 2017 viris
308 2010 317 2026 ,
339 1985 404 2031 qui
424 1990 567 2019 tamen
583 1995 676 2018 cum
696 1983 893 2032 Apostolls
912 1985 1251 2030 perseveraverit..

179 2031 351 2084 597sEt
378 2035 535 2085 quidem
565 2036 640 2072 duo
660 2033 732 2071 hac
762 2036 802 2071 in
825 2034 1110 2070 re-secernenda
1127 2041 1250 2072 sunt..

120 2082 242 2125 Aliud
271 2087 377 2124 enim
407 2095 480 2135 est,
522 2088 562 2124 in
591 2098 681 2125 vera
710 2085 889 2125 Ecclesia
929 2086 1143 2124 necessario
1184 2100 1243 2123 re-

117 2139 227 2190 quiri
271 2141 543 2178 successionem
592 2147 818 2190 perpetuam
861 2139 1086 2183 Pastorum3
1132 2138 1242 2176 aliud

120 2189 224 2230 hauc
251 2195 529 2232 successionem
559 2191 757 2238 sufficere,
787 2201 828 2229 ut
856 2204 946 2230 vera
975 2193 1022 2228 sit
1041 2189 1240 2230 Ecclesia.

121 2243 248 2294 Hinc,
285 2248 378 2298 quia
409 2245 655 2298 protestantes
685 2243 781 2281 hanc
811 2244 1007 2282 Pastorum
1035 2246 1239 2283 successio-

120 2310 213 2336 nem
243 2313 316 2337 non
348 2299 515 2346 habeut,
559 2311 691 2336 eorum
719 2297 893 2336 Ecclesia
926 2297 1152 2346 Apostolica
1180 2299 1239 2336 di-

121 2352 159 2390 ci
189 2365 265 2392 non
296 2361 441 2404 potest,
485 2351 654 2403 adeoque
682 2365 753 2389 nec
783 2365 877 2390 vera¹
902 2350 1077 2390 Ecclesia
1095 2378 1106 2389 .
1154 2351 1239 2390 Non

123 2413 255 2443 tamen
286 2405 336 2442 ab
378 2407 552 2457 opposito
581 2406 714 2442 Graeci
743 2404 1006 2453 schismatici,
1054 2413 1125 2443 ειη(
1148 2404 1238 2443 aliae

120 2459 413 2508 communiones
441 2457 641 2498 orientales
669 2458 812 2511 jactare
842 2468 1024 2511 possunt,
1056 2473 1092 2496 se
1122 2458 1240 2497 habe-

118 2523 174 2558 μ’·
207 2526 338 2550 verain
368 2512 622 2561 Ecclesiam„
657 2512 826 2550 etiamst
849 2512 1013 2551 habeant
1042 2511 1247 2551 Pastorum-

119 2567 399 2604 successionem
430 2580 505 2605 non
536 2568 824 2618 interruptam,
854 2567 947 2618 quia
977 2580 999 2603 a
1028 2579 1118 2605 vera
1139 2569 1249 2618 Apo--

117 2617 253 2658 stolica
274 2619 449 2660 Ecclesia
464 2651 475 2670 ,
505 2621 665 2674 ejusque
694 2633 873 2671 supremo
892 2620 1015 2670 capite
1043 2634 1121 2671 per
1139 2620 1240 2660 schi-

119 2686 233 2720 sma,
261 2687 306 2712 ac
336 2676 459 2713 etiam.
481 2690 549 2728 per
581 2674 808 2712 l1aereses.se
837 2683 1084 2726 separarunt..

177 2726 271 2779 598.
302 2727 394 2780 Obj.
417 2728 455 2774 4.
485 2730 610 2767 Series
640 2727 843 2766 Pastorum
879 2729 1001 2765 etiamr
1034 2727 1074 2764 in
1104 2726 1239 2766 Eccle-

119 2780 186 2819 sia:
209 2780 380 2821 Romana
410 2784 622 2835 interrupta
650 2791 707 2820 est*
732 2782 860 2834 primo
877 2811 888 2829 ,
930 2781 1084 2832 (wando
1112 2781 1238 2833 Impe-

124 2842 268 2873 ratores
298 2847 500 2889 coeperunt
531 2837 718 2874 Romanos
749 2835 947 2872 Pontifices
976 2849 1045 2872 sua
1074 2837 1239 2873 auctori-

115 2889 354 2941 tateeligere
371 2921 382 2938 ,
417 2892 519 2942 quod
549 2891 691 2929 saeculo
713 2888 764 2927 X.
785 2889 818 2925 8(
840 2888 921 2927 ΧΙ.Δ
943 2902 1015 2926 non
1037 2888 1153 2926 semel
1184 2889 1239 2927 fa-

118 2949 226 2980 ctum
254 2954 307 2981 est
322 2957 339 2980 ε·
377 2959 413 2983 2·.

120 3004 176 3032 est
222 2996 269 3033 ad
299 2997 548 3046 Cardinales,
595 2999 671 3050 qui
707 2997 915 3046 humanae,
959 2996 992 3033 8(
1022 2997 1238 3034 recentioris

121 3058 208 3086 eunt
237 3051 508 3099 institutionis,
539 3064 614 3090 non
645 3061 780 3090 autem·
802 3052 967 3098 divinae,
997 3050 1057 3087 vel
1087 3059 1246 3102 aposto--

125 3100 249 3141 linae-:-
271 3103 312 3142 5.
341 3106 495 3158 quando
515 3121 536 3144 a
566 3105 824 3153 Simoniacis,
861 3105 894 3141 8(
925 3103 1112 3156 improbis
1142 3103 1238 3142 Pon-

121 3156 303 3196 tificibus·
325 3156 496 3197 Romana
527 3157 705 3197 cathedra
735 3158 879 3211 polluta
910 3159 1010 3196 fnit:
1039 3158 1142 3210 quod
1169 3172 1238 3197 nec

119 3207 314 3250 Batonius
339 3213 426 3266 ipsev
446 3212 631 3251 diffitetur.
658 3213 712 3251 ad.'
736 3227 836 3252 ann..
855 3211 995 3251 Christi
1017 3211 1120 3264 897ιλ

442 2945 594 2996 quando
623 2944 863 2983 Pontificum
885 2942 1029 2980 electio
1062 2941 1245 2982 devoluta·

2288 130 2382 175 235-

1376 209 1468 260 599.
1502 206 1613 257 Resp.
1642 208 1808 258 primae,
1840 208 1874 244 8(
1895 208 2070 248 secundae
2099 207 2346 257 difficultati,
2375 207 2435 247 di-

1321 261 1587 314 stinguendam
1618 273 1694 298 esse
1724 260 1954 300 Pontificum
1984 264 2265 302 ordinationem
2295 262 2345 300 ab
2373 274 2443 304 eo-⁴

1322 316 1505 354 rumdem.
1529 314 1737 352 electione.
1780 314 1874 351 Haec
1905 317 2068 355 secunda
2105 328 2176 369 pro
2218 316 2435 355 diversitate

1319 380 1538 422 temporum
1555 398 1566 416 ,
1597 367 1630 404 8(
1650 368 2027 406 circumstantiarum
2047 371 2190 409 mutari
2219 370 2342 423 potuit
2359 400 2369 417 ,
2400 368 2441 406 &-

1317 432 1465 472 mutata
1495 423 1618 474 reipsa
1649 422 1749 460 fuit.
1792 420 1867 458 Sed
1896 422 2114 472 ordinatio,
2143 423 2204 462 vel
2233 436 2434 462 consecra·

1317 479 1393 525 tio,
1423 490 1512 529 quae
1542 477 1696 529 proprie
1725 474 1920 513 constituit
1940 474 2126 514 Ecclesiae
2147 477 2337 525 pastores,
2368 478 2436 515 iis-

1319 545 1394 584 que
1424 532 1668 568 intrinsecam
1698 528 1870 568 clavium
1901 528 2038 566 tribuit
2058 538 2276 580 potestatem
2295 560 2305 579 ,
2335 543 2435 567 sem-

1320 599 1389 637 per
1418 585 1551 622 eadem
1582 584 1681 631 fuit,
1712 592 1792 632 est,
1823 583 1975 628 &.erit;
2007 590 2133 634 utpote
2163 597 2252 635 quae
2281 598 2304 622 a
2323 583 2436 622 Chri—

1317 648 1373 677 sto
1402 637 1636 676 immediate
1666 638 1884 684 descendit,
1915 635 1949 672 8(
1979 638 2120 674 mutari
2151 637 2317 687 nequit..

1374 694 1467 737 [400.
1498 692 1578 730 Nec
1609 692 1745 738 refert,
1775 690 1877 743 quod
1907 690 1955 729 ad
1968 689 2168 739 ‘invidiam
2188 687 2441 727 conflandam

1316 748 1427 784 tertio
1456 746 1541 783 loco
1581 744 1792 796 objiciebat
1833 744 1879 782 de
1910 742 2142 782 Pontificum
2173 742 2438 780 Romanorum

1315 801 1444 845 vitiis3
1476 798 1559 836 liaec
1575 802 1678 837 enim
1700 800 1817 847 vitia,
1850 806 1933 835 utut
1954 798 2149 845 enormia,
2179 796 2325 834 nonnisi
2348 809 2438 847 par-

1304 852 1493 891 ticulares
1514 853 1736 891 eorumdem
1757 851 1997 890 Pontificum.
2012 863 2199 903 personas.
2214 850 2437 901 deturpant,

1313 918 1388 944 non
1419 915 1545 944 autem
1575 906 1796 944 diminuunt
1825 907 2088 944 auctoritatem
2109 903 2311 943 Cathedrae
2333 903 2435 954 Apo-

1314 958 1458 997 stolicae
1476 990 1487 1008 ‚
1530 962 1626 997 sicut
1656 973 1728 998 non
1758 959 2047 999 diminuebatur
2076 959 2281 997 auctoritas
2309 955 2437 995 cathe-

1313 1012 1394 1050 drae
1427 1012 1641 1061 Mosaicae,
1671 1014 1826 1066 quando
1855 1013 2041 1052 Pharisaei
2073 1012 2291 1066 hypocritas
2322 1011 2362 1048 in
2390 1024 2437 1049 ea

1313 1065 1522 1103 sedebant.
1570 1067 1654 1103 Iino
1698 1066 1905 1117 peculiaris
1933 1067 2008 1104 Dei
2048 1066 2291 1118 providentia
2320 1065 2360 1102 in
2391 1075 2442 1101 eo>

1314 1117 1487 1166 relucet,
1536 1119 1637 1170 quod
1680 1121 1898 1170 permiserit
1927 1119 2086 1171 quidem
2127 1119 2444 1170 corruptissimos

1311 1172 1571 1225 quorumdam
1602 1171 1866 1210 Romanorum
1904 1171 2137 1210 Pontificum
2179 1185 2330 1219 mores,
2374 1183 2437 1208 eo-

1312 1239 1406 1263 rum.
1429 1235 1555 1264 tamen
1598 1225 1725 1264 fidem?
1760 1226 1977 1276 integretur,
2020 1234 2239 1276 sartamque
2281 1237 2441 1274 semper¹

1314 1281 1550 1318 servaverit.
1580 1278 1715 1330 Neque
1732 1277 1830 1316 illud
1850 1277 2106 1316 omittendum
2125 1308 2136 1326 ,
2165 1277 2319 1315 nonnisi
2339 1290 2435 1328 pau-

1315 1334 1487 1371 cissimos
1505 1331 1616 1370 Rom.
1637 1331 1837 1370 Pontifices
1866 1332 2057 1370 atrocium
2078 1331 2339 1384 quorumdam
2360 1331 2436 1368 cri-

1316 1388 1475 1426 minum·
1499 1388 1664 1440 potuisse
1695 1387 1895 1434 accusari,
1939 1398 2079 1423 omnes·
2112 1386 2202 1423 fere·
2234 1384 2330 1423 alios
2358 1396 2443 1422 non:

1315 1440 1440 1479 solum
1470 1442 1683 1493 integritate
1713 1439 1826 1486 fidei,
1857 1439 1919 1477 sed
1949 1440 2064 1477 etiam
2095 1439 2261 1490 puritate
2282 1450 2443 1475 morum

1314 1494 1578 1547 Apostolicam
1595 1495 1635 1534 S.
1657 1494 1755 1532 Petri
1771 1491 2223 1532 cathedram-honorasse
2239 1505 2249 1537 3
2270 1504 2314 1529 ac
2331 1489 2435 1528 mul—

1313 1557 1365 1586 tos
1394 1549 1558 1601 denique
1587 1549 1812 1586 Sanctorum
1843 1546 1994 1585 cultum
2023 1547 2149 1584 fuisse·
2179 1545 2432 1596 promeritos.

1366 1602 1459 1648 401.
1490 1604 1689 1652 Quantum
1721 1614 1817 1639 vero⁴
1838 1601 1971 1639 attinet
1998 1600 2053 1638 ad'
2089 1598 2289 1637 elefflones
2318 1599 2443 1636 simo·

1312 1656 1442 1695 niacas
1461 1686 1472 1705 ,
1501 1657 1629 1709 quoad
1658 1655 1761 1694 tales.
1780 1654 1829 1692 ab
1858 1654 2038 1693 Ecclesia>
2063 1652 2275 1706 judicatas·⁷
2305 1651 2339 1688 8(
2368 1652 2442 1689 de·

1312 1709 1468 1748 claratae
1500 1724 1574 1748 non
1605 1718 1709 1757 sunt,
1739 1707 1850 1753 nihil,
1871 1717 2027 1760 propter
2055 1721 2125 1746 eas,
2145 1707 2332 1760 legitimae
2363 1705 2441 1745 Pa·—

1309 1773 1455 1802 storum
1492 1763 1712 1802 austeritati·
1736 1763 1970 1800 demendum
2001 1770 2089 1801 esta*

1367 1818 1461 1863 402.
1491 1818 1606 1856 Dices
1636 1818 1725 1867 (a),
1769 1818 2051 1855 successionem
2083 1814 2263 1853 defecisse
2295 1813 2441 1851 Roma--

1311 1884 1449 1911 norum
1481 1870 1715 1910 Pontificum
1744 1871 1792 1908 iu·
1813 1870 1985 1921 Eugeuio
2011 1868 2080 1906 IV.
2110 1870 2177 1920 qui
2209 1867 2441 1905 Basileensis-

1310 1925 1478 1963 Concilii
1507 1925 1658 1962 decreto
1686 1921 1855 1974 dejestus
1876 1924 1948 1960 fuit
1971 1939 1993 1962 a
2012 1921 2240 1959 Pontificatu
2258 1950 2268 1968 ,
2299 1919 2432 1958 subro-

1309 1987 1398 2026 gato
1427 1979 1475 2015 in.
1498 1977 1580 2026 ejus
1609 1977 1741 2014 locum
1772 1975 1974 2023 Amedeo2,
2019 1988 2092 2012 seu·
2116 1974 2246 2012 Felice
2268 1973 2317 2010 V.
2349 1981 2434 2025 post

1309 2028 1692 2081 autem-Principum·
1716 2030 1846 2068 favore
1869 2028 2067 2079 Eugenins
2084 2027 2352 2066 Pontificatum
2374 2040 2433 2064 re-

1309 2084 1437 2132 cepit,
1480 2083 1545 2120 sed
1573 2084 1659 2120 sine
1681 2095 1778 2120 nova
1816 2081 1995 2131 legitima·
2029 2079 2249 2118 elestione..
2287 2080 2438 2130 Porro,

1307 2148 1407 2172 cum.
1430 2135 1527 2173 inde·
1547 2135 1730 2186 prodierit
1758 2134 1956 2186 quidquid·
1982 2133 2174 2184 Paparum
2197 2164 2207 2181 ‚
2237 2134 2426 2172 cardina-

1307 2186 1435 2235 lium,
1479 2187 1764 2240 Episcoporum
1794 2186 1868 2225 &1:-
1913 2196 2039 2238 postea
2084 2187 2196 2235 fuit,
2229 2188 2439 2238 sequitur,

1306 2241 1590 2280 successionem.
1613 2254 1855 2279 summorum
1885 2239 2115 2278 Pontificum
2132 2271 2142 2289 ‚
2186 2239 2440 2292 aliorumque·

1306 2295 1355 2332 in.
1377 2293 1552 2333 Ecclesia
1582 2294 1756 2334 Romana
1785 2294 1986 2333 Pastorum
2016 2294 2133 2333 f-uisse
2175 2307 2221 2332 ex
2258 2307 2302 2332 eo
2330 2303 2431 2332 tem-

1308 2361 1401 2400 pore
1434 2350 1726 2400 interruptam„

1363 2402 1456 2447 405.
1489 2401 1600 2453 Resp.
1630 2402 1907 2454 depositionem
1928 2401 2094 2453 Eugenii
2116 2401 2185 2440 IV.
2216 2399 2355 2439 faustam
2385 2402 2434 2441 1'112

1307 2454 1494 2494 Conciliov
1513 2455 1720 2494 Basileensi
1751 2457 1865 2494 fuisse
1889 2454 2163 2508 illegitimam,
2193 2455 2227 2492 8(
2249 2454 2399 2494 nullam
2414 2469 2436 2502 3.

1308 2510 1388 2547 imo
1407 2509 1626 2547 Concilium
1658 2523 1701 2546 eo
1731 2519 1900 2560 tempore
1929 2523 2013 2547 non.
2036 2511 2149 2547 fuisse
2179 2509 2347 2560 amplius
2371 2523 2427 2547 αε-

1310 2565 1559 2601 cumenicum
1579 2593 1589 2611 ,
1628 2572 1706 2601 tum
1737 2564 1840 2616 quod
1870 2563 2003 2614 meunt·
2024 2564 2307 2616 Episcopormn
2337 2576 2434 2614 pars-

1308 2617 1358 2655 ab
1388 2631 1431 2654 eo
1458 2616 1546 2668 jam>
1568 2618 1813 2663 discesserat3
1844 2627 1923 2655 tum
1953 2619 2061 2669 quod*
2087 2617 2146 2654 vel
2178 2619 2279 2669 ipsae·
2302 2617 2424 2654 natio-

1307 2685 1372 2708 nes
1388 2701 1398 2718 ,
1428 2685 1515 2724 quae
1538 2672 1643 2722 prius
1664 2671 1838 2709 Concilio
1852 2671 2102 2709 adhaerebant
2120 2701 2131 2720 ,
2162 2683 2237 2709 non
2255 2671 2432 2723 amplius·

1307 2724 1780 2776 eidem·suffragabantur3
1811 2725 2102 2777 tum-deniqne,
2132 2725 2223 2777 quia
2246 2726 2328 2776 ipsa
2349 2724 2435 2763 ΕΟ·-

1306 2778 1429 2816 clesia.
1453 2792 1573 2831 neque
1603 2778 1765 2830 Engenii
1804 2779 2109 2830 depositionem,
2154 2792 2286 2830 neque
2309 2778 2426 2815 Ame-

1306 2833 1369 2870 dei
1390 2832 1615 2870 electionem
1639 2847 1817 2885 unquam
1834 2842 1952 2870 ratam
1985 2832 2147 2878 l1-1buit5
2179 2833 2277 2869 unde
2305 2833 2424 2868 etiam

1308 2887 1510 2925 Amedeus-
1543 2888 1622 2936 ipse
1652 2901 1673 2924 a
1702 2888 1886 2938 dignitate
1915 2885 2142 2934 Pontificia,
2187 2899 2313 2937 quam·
2349 2887 2424 2923 im-

1307 2941 1444 2977 merito
1472 2954 1519 2978 se·
1538 2953 1668 2992 gerere
1697 2941 1895 2992 cognovit,
1933 2955 1970 2978 se
2000 2939 2109 2977 ultro·
2127 2939 2319 2977 abdicavit
2338 2969 2348 2987 ,
2378 2952 2429 2977 ac·

1307 2994 1382 3031 fuit
1412 3003 1537 3046 postea
1566 2993 1646 3032 sola
1675 2993 1874 3032 Cardinali
1906 3008 2077 3046 purpura
2107 3002 2326 3031 contentus.

1361 3048 1454 3093 404.
1484 3046 1666 3086 Scholion
1684 3075 1694 3086 .
1725 3047 1927 3099 Singulae,
1958 3062 2052 3100 quas
2081 3047 2260 3084 hactenns
2289 3057 2420 3082 recen—

1305 3103 1454 3140 suimus
1483 3110 1609 3150 notae,
1648 3102 1682 3138 8(
1711 3101 1800 3140 aliae
1831 3102 2056 3149 nonnullae,
2100 3115 2189 3153 quae
2220 3099 2304 3137 addi
2335 3110 2427 3149 pos--

1303 3165 1410 3203 sent,
1441 3155 1590 3208 liquido
1617 3158 1841 3203 ostendunt,
1874 3155 2087 3193 Romanam
2117 3153 2326 3192 Ecclesiam
2358 3163 2425 3187 es--

1304 3223 1349 3247 se⁴
1372 3223 1503 3249 veram
1524 3239 1536 3259 ,
1579 3209 1612 3246 8(
1641 3212 1846 3264 antiquam.
1868 3209 1987 3248 illam
2008 3208 2421 3295 Ecclesiamzqqi-iauu

2261 3280 2274 3294 ι,
2292 3270 2359 3295 iri-

174 3381 234 3418 (αὶῗ
255 3379 522 3416 CumC'alvinO·
537 3380 730 3416 iaPraefat.
747 3379 1155 3418 Institutionuerhrist·
1169 3379 1286 3427 Retfg.
1313 3376 1365 3415 ad?
1383 3378 1621 3415 Franciseum:
1637 3378 1778 3425 Regem.
1795 3373 2140 3414 Christianissimum
2155 3394 2163 3402 ι
