2564 3706
249 169 331 215 13AE

178 255 255 300 let,
284 251 454 300 adeoque
481 258 558 284 non
586 249 736 284 tantum
764 241 850 294 jure
870 241 1151 286 ecclesiastico,
1182 237 1215 272 8t
1232 238 1289 276 di-

176 308 266 344 vino
294 303 485 355 positivo,
515 300 578 338 sed
609 298 642 335 &
662 297 747 349 jure
776 299 859 348 ipso
887 305 1033 335 naturae
1065 289 1289 349 interdieta.

175 360 208 398 Ii
236 357 422 395 nimirum
451 361 562 402 sunt,
604 354 672 405 qui
716 352 755 389 in
785 351 861 389 fide
902 348 1066 386 minime
1097 342 1289 403 stabiles,

173 412 288 450 fortes
319 422 365 448 ue
385 422 423 447 se
451 420 528 446 esse
557 413 813 456 cognoscunt,
842 403 986 454 quique
1016 395 1290 447 cupiditatibus

173 465 252 502 suis
281 424 488 509 zamram,
534 459 568 497 8(
599 457 746 505 illem,
789 455 1024 504 Religionem
1054 462 1129 486 non
1160 448 1292 487 admo-

177 518 271 556 dum
301 517 407 555 cordi
436 513 603 560 habent,
633 523 797 564 quorum
826 506 992 555 denique
1022 504 1218 540 interesset
1246 516 1291 540 ea

173 570 271 609 falsa
301 583 378 608 esse
407 582 494 621 quae
524 567 617 605 fides
646 566 778 601 docet.
810 557 946 596 Facile
975 555 1144 593 credunt
1172 559 1293 592 mise-

171 628 233 673 ri,
277 623 378 676 quod
405 628 574 673 optant:
623 617 712 654 hinc
741 612 789 651 ad
816 610 1061 648 couscientia:
1101 621 1292 646 remorsus

171 678 392 731 pacandos,
441 674 606 712 libenter
635 670 682 705 iis
712 664 945 716 argumentis
987 663 1290 714 conquiescunt,

170 730 315 784 quibus
344 729 545 782 praecipua
575 720 784 772 Religionis
813 726 951 756 nostrae
983 716 1186 767 dogmata,
1228 729 1291 753 eo-

174 797 263 822 rum
293 780 531 835 passionibus
560 773 751 812 contraria
781 772 1082 823 impugnantur.
1119 768 1290 808 Multam

175 838 216 876 in
246 831 510 875 controversiis
540 825 774 879 praejudicia
794 826 877 864 vim
898 823 1065 869 habent3
1094 821 1200 861 nulla
1221 836 1291 861 au-

171 901 251 930 tem
280 887 428 939 majora
467 890 553 921 sunt
583 878 812 933 praejudicia
831 909 842 926 ,
885 891 1005 930 quam
1035 889 1124 929 quae
1152 891 1174 914 a
1205 890 1290 928 pas-

169 943 339 983 sionibus
367 937 503 976 nostris
531 935 771 972 excitantur.
802 932 904 970 Hinc
932 944 1004 969 nec
1033 943 1290 983 quascumque

166 1008 299 1035 rerum
328 989 630 1041 theologicarum
660 986 820 1026 scientia
849 1000 871 1022 a
901 983 1074 1037 periculo
1101 983 1291 1035 deceptio-

166 1049 226 1088 nis
254 1059 319 1085 nos
340 1047 532 1083 immunes
552 1040 763 1093 aliquando
784 1040 904 1083 facit3
934 1051 1024 1076 cum
1045 1050 1185 1089 nempe
1204 1050 1290 1087 pas-

166 1103 318 1141 sionum
349 1098 489 1137 halitus
520 1104 689 1134 mentem
718 1091 972 1140 obnubilant,
1001 1089 1035 1127 8<
1058 1089 1294 1131 voluntatem

172 1160 427 1205 corrumpunt
445 1176 456 1188 .

223 1208 318 1258 557.
351 1205 447 1252 His,
491 1201 655 1254 aliisque
684 1199 732 1237 de
761 1199 884 1238 causis
912 1211 988 1236 non
1017 1195 1141 1235 solum
1169 1194 1294 1234 eccle-

169 1262 349 1308 siastica,
390 1257 453 1296 sed
484 1257 615 1293 etiam.
642 1252 821 1291 saeculari
858 1259 1035 1303 potestate
1076 1249 1292 1300 impiorum

168 1315 362 1353 librorum
389 1309 502 1348 lestio
532 1307 706 1346 interdici
728 1317 878 1356 semper
898 1303 1094 1341 consuevit
1111 1328 1121 1338 .
1150 1301 1292 1338 Praesto

167 1376 253 1406 sunt
282 1364 344 1405 vel
373 1376 418 1401 ex
448 1364 532 1413 ipsa
559 1358 720 1397 historia
750 1357 914 1409 profana
952 1354 1224 1407 antiquissima
1252 1367 1291 1391 e-

169 1419 325 1472 xempla
342 1444 353 1455 .
397 1415 551 1453 Scimus
579 1412 681 1449 enim
710 1409 926 1462 Protagoras
956 1407 1077 1446 libros
1106 1409 1222 1446 fuisse
1249 1420 1291 1444 o-

173 1473 246 1512 lim
276 1468 569 1510 Atheniensium
598 1463 745 1517 judicio
775 1463 947 1501 fiammis
975 1460 1170 1500 addictos.
1199 1459 1290 1498 Plu-

168 1539 214 1565 ra
241 1526 356 1563 etiam
388 1521 573 1559 Romanae
603 1515 834 1570 reipublicae
865 1524 1130 1554 memorantur
1158 1515 1290 1552 decre-

169 1590 206 1618 ta
236 1586 367 1617 contra
395 1574 516 1613 libros
537 1602 549 1621 ,
586 1573 656 1623 qui
702 1571 870 1623 patriam
901 1568 1139 1620 Religionem
1168 1567 1291 1606 offen·-

171 1631 341 1672 tlebant.
370 1627 635 1667 Constantinus
665 1625 848 1676 Imperat.
879 1624 964 1661 Arii
988 1621 1178 1660 Thaliam
1206 1634 1290 1660 cre·

167 1687 271 1725 mari
300 1683 409 1736 jussit
431 1712 441 1729 ,
472 1693 588 1733 poena
617 1679 750 1716 mortis
770 1679 817 1716 iis
837 1678 1071 1716 comminata
1087 1706 1098 1725 ‚
1128 1676 1196 1729 qui
1214 1676 1289 1714 im-

165 1742 277 1792 pium
307 1751 396 1775 eum
424 1734 573 1772 librum
601 1731 796 1770 occultare
825 1739 1130 1783 praesumerent.
1160 1729 1287 1767 Idem-

196 1805 243 1829 ue
270 1788 478 1841 Porphyrii
521 1786 640 1824 libros
682 1785 861 1823 comburi
905 1792 1105 1822 curaverat
1136 1784 1151 1833 (
1182 1782 1287 1835 apud

158 1846 363 1884 ‚socratem
381 1840 548 1886 Libro-I.
569 1838 675 1876 Hist.
696 1837 938 1876 Ecclesiast.
960 1851 1047 1889 cap.
1065 1836 1135 1887 5.)
1158 1835 1286 1874 Theo-

165 1899 298 1940 dosius
338 1895 496 1948 junior,
543 1906 588 1931 ac
617 1890 912 1931 Valentinianus
941 1891 1104 1943 Augusti
1145 1891 1287 1942 scripta

214 2077 266 2111 (a)
290 2069 357 2105 Adi
454 2067 501 2099 sis
527 2066 564 2098 P.
584 2065 781 2098 Antonium
799 2064 1051 2099 Valsecchium
1070 2065 1110 2097 L.
1127 2064 1186 2098 111.
1212 2062 1285 2097 Dei

160 2118 382 2162 sondmnenfi
408 2114 505 2147 della
531 2112 718 2154 Religione
743 2112 779 2143 P.
807 2113 866 2144 lll.
891 2124 922 2144 c.
949 2114 983 2144 3.
1009 2115 1042 2143 ὅ(
1124 2109 1286 2154 Theoph-

164 2161 403 2208 Raynandum
429 2160 466 2193 in
492 2155 692 2189 Erotemate
715 2158 760 2189 de
784 2159 886 2189 malis
903 2178 914 2197 ,
955 2169 998 2190 ac
1023 2158 1123 2190 bonis
1153 2157 1285 2197 libris,

164 2211 418 2244 Bellarminnm
442 2207 488 2238 de
513 2205 605 2237 locis
633 2203 739 2236 theol.
769 2203 849 2236 Lib.
876 2204 935 2236 ΙΙΙ.
960 2214 1037 2247 cap.
1066 2214 1134 2244 20,
1160 2203 1285 2235 Getse-

163 2269 246 2290 rum
270 2258 315 2290 de
333 2257 435 2302 jure,
461 2254 503 2284 (θ’
528 2262 620 2282 more
645 2250 852 2293 prohibendi
868 2271 879 2289 ,
903 2251 1146 2293 expurgandi,
1180 2255 1221 2282 <y
1244 2262 1284 2282 α-

165 2304 302 2338 bolendi
329 2303 438 2336 libros
465 2298 667 2337 haereticos,
693 2300 735 2330 (Τ
761 2300 886 2329 noxios
900 2295 1281 2329 adv.anc.Junium

164 2347 344 2395 ingolstad
373 2347 476 2381 1603.
504 2345 540 2376 in
566 2341 622 2385 4.,
648 2342 876 2387 ejusdemque
893 2343 1090 2376 orationem
1107 2344 1151 2376 cle
1170 2346 1285 2377 ‹vitan-

166 2398 210 2430 da
236 2398 397 2428 librorum
414 2392 560 2427 moribus
579 2393 756 2423 noxiorum
773 2393 916 2424 Iec‘lione
935 2389 1038 2423 Totn.
1051 2390 1148 2423 Xlll.
1168 2387 1282 2434 Opp.,

161 2443 286 2477 Jacobi
314 2442 455 2475 Boileau
481 2434 674 2473 &oximen
694 2441 765 2470 sive
782 2439 1064 2482 disquisitionem
1078 2436 1282 2469 historicam

166 2492 210 2524 cle
236 2490 396 2522 librorum
421 2490 518 2520 circa
543 2500 600 2520 res
627 2485 844 2527 theologicas
869 2483 1111 2527 approbatione
1128 2502 1139 2521 ,
1175 2482 1284 2528 Clan-

165 2536 264 2569 dium
290 2535 521 2579 Espencaeum
548 2533 585 2565 in
605 2533 721 2565 Trast.
742 2531 787 2562 de
806 2533 1029 2573 sizspec‘lormn
1048 2529 1212 2562 librorum.
1230 2529 1283 2561 le-

167 2587 275 2618 aione
288 2582 380 2616 inter
393 2580 468 2628 ejus
482 2591 590 2626 opera
603 2577 746 2615 Parisiis
759 2577 921 2622 evulgata
934 2586 1012 2621 pag·
1026 2574 1128 2613 618.=
1154 2574 1282 2609 Frane·

930 150 1340 200 DISSERTATIO
1374 149 1452 192 ΙΙΙ.
1487 149 1616 191 CAP.
1648 147 1728 190 lv.

1355 233 1533 279 Nestorii,
1555 232 1798 283 aliorumque
1811 230 2097 284 haereticorum,
2118 248 2162 274 ae
2181 234 2347 288 denique
2364 234 2470 275 Mar-

1357 287 1489 324 cianus
1519 283 1855 337 Eutycliiannrum
1895 299 2010 336 opera
2052 291 2216 327 cremari
2262 297 2478 342 jusserunt,

1359 348 1398 377 ut
1427 340 1468 376 in
1498 337 1540 377 P.
1562 337 1630 376 IV.
1661 338 1809 391 Synodi
1839 337 2047 390 Ephesinae
2077 343 2237 381 refertur
2259 369 2270 381 .

1414 391 1508 432 558.
1540 390 1685 443 Majori
1715 401 1840 429 autem
1869 405 1990 441 cura,
2022 401 2061 430 ut
2091 407 2159 443 par
2188 406 2293 446 erat,
2337 395 2472 436 Eccle-

1358 447 1427 484 siae
1457 444 1626 483 Pastores
1655 447 1694 483 in
1724 446 1763 483 id
1792 458 1942 497 semper
1973 446 2258 498 incubuerunt,
2291 459 2328 488 ut
2358 465 2471 491 vene-

1358 501 1458 538 natis
1501 499 1651 551 pascuis
1679 512 1764 537 suas
1800 512 1888 536 oves
1928 500 2233 539 interdicerent.
2275 502 2323 540 Et
2351 518 2476 556 quan-

1361 567 1480 605 quam
1510 566 1582 601 ea,
1626 566 1714 603 quae
1745 564 1847 590 nunc
1891 552 1990 604 viget
2028 555 2068 591 in
2097 553 2273 593 Ecclesia
2303 556 2475 597 Romana.

1359 608 1464 644 circa
1493 605 1682 643 librorum
1713 618 1935 653 censuram,
1964 606 2169 658 disciplina
2192 609 2374 646 recentior
2403 611 2479 660 sit,

1359 674 1380 698 a
1410 658 1476 696 Pio
1495 658 1566 697 1V.
1582 689 1593 707 ‚
1623 657 1763 697 Sancto
1784 658 1849 697 Pio
1869 658 1920 697 V.
1936 689 1947 707 ‚
1976 659 2011 696 ἃ
2040 661 2236 699 Clemente
2260 661 2368 699 Vm.
2390 675 2479 702 con-

1358 713 1516 761 stituta,
1560 727 1583 750 a
1612 711 1814 750 Benedieto
1857 721 1986 750 autem
2007 713 2118 751 XIV.
2159 728 2257 754 nova
2300 714 2478 754 methodo

1359 765 1583 805 confirmata
1613 768 1629 817 (
1658 766 1739 804 vid.
1776 764 1902 816 ejusd.
1933 765 2070 805 Pontis.
2099 767 2332 806 Constitutio
2361 768 2476 806 Solli-

1360 823 1442 857 cita
1463 820 1549 858 V11.
1580 820 1637 857 Id.
1666 819 1748 858 Jul.
1773 819 1888 870 1755.
1920 817 1936 868 )
1969 832 2057 857 usus
2086 828 2212 858 tamen
2243 823 2476 872 perniciosos

1359 872 1480 912 libros
1521 872 1751 925 prohibendi
1780 874 1821 910 in
1849 872 2028 912 Ecclesia
2071 873 2359 925 antiquissimus
2388 885 2475 926 est,

1362 927 1443 965 imo
1463 925 1651 979 Apostolis
1667 939 1843 972 coaevus;
1873 935 1914 965 ut
1935 928 2039 964 enim
2056 925 2193 978 legitur
2213 926 2340 967 Αξὶοτ.
2361 929 2477 969 ΧΙΧ.

1360 994 1460 1018 vers.
1487 994 1547 1033 ¹9·
1577 979 1700 1017 Multa·
1729 993 1894 1028 eorum,
1936 977 2196 1032 quisuercznt
2224 984 2382 1020 curiosa.
2411 995 2474 1021 se-

1361 1032 1484 1082 Han,
1527 1034 1777 1071 contulerunt
1805 1032 1950 1082 libros,
1993 1033 2043 1075 ἐν
2072 1032 2372 1073 combusserunt
2414 1048 2480 1075 co-

1360 1099 1454 1124 ram
1484 1086 1666 1125 omnibus
1682 1113 1693 1125 .
1711 1095 1717 1099 '

1418 1141 1511 1192 539.
1542 1139 1625 1177 Post
1646 1139 1844 1192 Apostolos
1872 1149 2002 1180 autem
2032 1141 2206 1180 eamdem
2234 1155 2369 1181 curam
2398 1142 2476 1182 eri-

1361 1193 1490 1244 piendi
1520 1192 1641 1230 libros
1669 1194 1903 1244 perniciosos
1931 1208 1951 1231 e
1972 1195 2152 1233 manibus
2181 1195 2357 1234 fidelium
2377 1210 2478 1234 sema

1361 1259 1429 1297 per
1458 1244 1717 1284 adhibuerunt
1747 1245 1910 1284 Romani
1941 1246 2170 1296 Pontifices,
2214 1257 2254 1286 ut
2296 1249 2478 1301 pluribus

1360 1298 1548 1350 exemplis
1576 1299 1825 1337 manifestum
1862 1299 1948 1336 fieri
1985 1308 2133 1351 potest,
2181 1304 2378 1354 praecipue
2406 1317 2476 1341 au-

1359 1360 1435 1390 tem
1451 1351 1597 1391 Gelasii
1615 1383 1625 1400 ‚
1655 1351 1767 1404 cujus
1793 1352 1989 1390 decretum
2017 1353 2063 1390 de
2079 1352 2190 1390 libris
2219 1355 2476 1407 apocryphis,

1361 1404 1395 1440 &
1423 1414 1532 1444 caute
1560 1405 1729 1458 legendis
1773 1405 1967 1445 invenitur
2009 1406 2051 1444 in
2078 1404 2239 1444 Collest.
2267 1407 2478 1448 Labbeana.

1358 1459 1567 1498 Concilior.
1597 1460 1721 1498 Temo
1742 1459 1810 1497 IV.
1828 1489 1839 1508 ‚
1869 1458 1904 1494 8<
1924 1459 2101 1510 Gregorii
2130 1458 2292 1511 Magni,
2323 1462 2390 1514 qui
2410 1474 2477 1499 co-

1358 1512 1457 1550 dicis
1486 1512 1688 1565 cujusdam
1719 1513 1920 1551 lectionem
1948 1512 2128 1550 omnibus
2158 1512 2398 1552 interdictam
2417 1528 2476 1552 es-

1357 1579 1394 1604 se
1411 1566 1532 1605 voluit
1551 1567 1643 1606 Lib.
1663 1567 1734 1606 VI.
1763 1567 1887 1619 Epist.
1909 1565 1997 1613 66.;
2026 1566 2074 1603 ad
2104 1579 2221 1618 quem
2251 1566 2380 1605 locum
2400 1568 2474 1606 sci-

1356 1628 1393 1657 te
1430 1621 1653 1659 adnotarunt
1695 1620 1905 1658 doffissimi
1943 1619 2103 1657 editores
2133 1619 2396 1668 Benediffini‚
2426 1634 2474 1658 a-

1354 1673 1634 1723 gnoscendam
1665 1687 1750 1712 esse
1780 1678 1821 1711 in
1843 1673 2041 1711 Romanis
2070 1672 2326 1726 Pontificibus
2355 1673 2474 1714 libros

1355 1727 1510 1779 aliquos
1529 1726 1756 1780 prohibendi
1771 1735 2028 1778 potestatem,
2049 1726 2098 1766 <9⁴
2120 1727 2473 1777 consuetudinem,

1354 1785 1418 1818 cui
1453 1794 1599 1832 parere
1639 1780 1876 1819 tenebantur
1917 1784 2044 1818 etiam
2076 1779 2297 1818 Orientalzs
2326 1780 2473 1820 Eccle-

1354 1837 1427 1871 siae
1470 1835 1652 1883 alumni,
1700 1834 2144 1884 Constantinopolitano
2186 1833 2470 1884 Patriarclzae,

1355 1897 1427 1926 aut
1454 1889 1574 1928 alteri
1601 1889 1780 1942 alioquin
1808 1886 1949 1928 subditi·
1978 1886 2043 1939 (a)
2066 1911 2078 1926 .

1352 2061 1483 2096 Anton.
1499 2060 1711 2096 Zachariam
1726 2061 1848 2095 Storia
1871 2062 2042 2105 polemico
2065 2060 2161 2093 delle
2185 2061 2397 2104 proibizioni
2413 2061 2472 2095 de’

1354 2110 1437 2143 libri
1464 2110 1584 2142 Romae
1615 2121 1745 2153 1777.,
1783 2109 1924 2141 Reczzeil
1950 2109 2014 2140 des
2039 2107 2169 2146 AHes,
2213 2112 2254 2141 <J
2289 2111 2470 2142 metnoires

1354 2157 1399 2189 du
1424 2155 1551 2198 Clerge'
1576 2157 1619 2188 cle
1633 2155 1765 2188 France
1786 2155 1888 2187 Tom.
1904 2157 1929 2188 l.
1949 2153 2023 2187 Tit.
2037 2153 2097 2186 IV.
2122 2152 2177 2185 De
2197 2156 2223 2187 l’
2236 2158 2469 2199 impressian,

1353 2207 1395 2234 (7·
1420 2202 1644 2244 approbation
1669 2204 1733 2234 des
1759 2204 1866 2235 liores
1892 2208 2100 2234 concernunt
2124 2202 2159 2234 la
2184 2201 2368 2244 Religion.
2395 2202 2473 2234 Ex-

1352 2255 1404 2280 tat.
1429 2248 1515 2280 item
1540 2248 1710 2292 praeclara
1732 2248 1826 2280 Estii
1852 2247 1965 2280 oratio
1990 2248 2034 2278 de
2050 2245 2228 2290 fugienda
2251 2250 2394 2281 lec‘h'one
2418 2250 2468 2281 li-

1348 2294 1481 2327 brorum
1490 2294 1656 2327 IIaeretic.
1669 2294 1704 2326 in
1717 2293 1784 2327 fine
1797 2291 1956 2337 ejusdem
1966 2294 2163 2326 Comment.
2177 2294 2212 2325 in
2226 2294 2323 2327 Sacr.
2337 2294 2468 2339 Script-

1353 2342 1462 2385 Leges
1487 2339 1638 2385 <lenique
1663 2340 1915 2374 saluberrimas
1941 2339 1977 2371 in
2010 2337 2076 2371 hac
2101 2340 2249 2372 materia
2282 2340 2325 2373 ab
2352 2342 2468 2385 Impe-

1354 2387 1532 2420 ratoribns
1557 2387 1685 2420 Carolo
1710 2387 1769 2419 Vi.
1786 2408 1797 2427 ‚
1832 2389 1863 2418 «Sc
1890 2384 2078 2418 Franciseo
2101 2386 2152 2424 L,
2190 2393 2266 2418 tum
2291 2387 2398 2420 etiam
2423 2386 2469 2419 ab

1353 2434 1563 2468 immortalis
1589 2433 1742 2465 nominis
1767 2435 1927 2476 Augusta
1953 2431 2069 2464 Maria
2090 2431 2260 2464 Theresia
2285 2432 2375 2465 latas
2394 2444 2469 2465 me·

1349 2488 1464 2513 morat
1490 2479 1617 2512 Paulus
1642 2478 1786 2523 Joseph.
1812 2480 1962 2523 Riegger
1987 2477 2023 2511 in
2048 2477 2119 2510 suis
2145 2476 2262 2511 Instar.
2289 2477 2470 2523 Jura'sprn·

1350 2528 1474 2562 dentiae
1498 2525 1643 2561 Eccles.
1669 2537 1752 2561 ann·
1780 2525 1885 2571 1755.
1911 2525 2008 2561 Part·
2032 2524 2060 2557 1.
2085 2535 2165 2570 pag.
2194 2523 2274 2570 143.

2315 3422 2400 3464 SE-
