2564 3706
218 109 308 136 920

152 174 192 212 in
225 176 339 212 variis
366 171 551 210 Ecclesiis
579 171 855 225 obtinuerunt,
906 176 1011 214 nullo
1040 179 1152 215 modo
1183 179 1267 214 uni-

154 229 218 264 tati
249 226 444 277 regiminis
473 225 628 264 obesse:
657 229 833 268 videmus
862 232 966 269 enim
997 232 1112 268 etiam
1144 232 1182 266 in
1215 243 1270 266 re-

152 282 238 331 gnis
267 278 546 330 temporalibus
568 293 635 331 pro
665 281 879 321 diversitate
897 285 1114 336 regionum,
1146 282 1270 319 homi-

153 347 246 370 num
267 363 275 379 ,
308 342 371 369 :tut
388 334 506 370 etiam-
533 341 750 387 temporum
771 337 938 385 diversas
958 335 1268 384 consuetudines,

152 387 231 422 imo
261 385 293 420 8(
315 384 414 437 leges
437 387 563 438 vigere
580 418 590 436 ,
621 403 712 427 cum
733 398 857 438 tamen
878 391 1005 427 'omnia
1028 389 1139 425 tinius
1161 388 1269 427 Prin-

151 439 248 489 cipis
279 440 459 489 regimini
489 440 658 494 subjeita
689 445 789 482 sint.
822 445 875 480 Ita
904 443 1019 479 etiam
1052 440 1093 477 fit
1126 442 1164 479 in
1194 441 1269 480 Ec-

150 490 292 538 clesia3
323 493 357 529 &
391 496 514 532 imitas
543 496 739 547 regiminis
770 497 835 533 sita
867 503 917 531 est
947 496 986 532 in
1017 494 1145 532 debita
1174 494 1269 534 fide-

151 544 248 582 lium
272 546 455 596 legitimis
473 547 687 586 I'astoribus
707 549 921 586 obedientia
939 577 949 595 ,
981 549 1181 601 praecipue
1201 563 1269 588 ati—

148 607 224 636 tem
259 594 428 638 Romano
458 600 633 638 Pontifici
653 631 662 648 ,
710 601 822 652 cujus
851 599 1056 640 austoritas
1088 603 1127 640 in
1159 610 1231 641 tota
1254 634 1265 651 ,

146 666 221 704 qua
253 652 326 692 late
358 663 484 703 patet,
515 653 710 691 Catholica
731 653 915 705 religione
945 656 1188 694 extenditur.
1219 657 1268 696 Et

147 705 233 744 haec
263 701 465 746 aristot-itas
507 720 684 758 suprema
728 707 914 746 divinitus
946 709 1116 750 instituta
1161 710 1233 749 fuit
1255 742 1265 760 ,

145 769 276 811 utpote
293 763 448 799 omnino
467 759 676 797 necessaria
705 760 753 798 ad
775 760 981 800 schismata
1008 763 1194 813 tollenda,
1226 775 1266 804 ut

145 813 265 851 saneti
296 814 423 852 Patres
451 827 514 852 nos
544 813 706 863 docent,
756 813 789 851 8(
820 815 982 855 inferius
1013 831 1080 857 suo
1109 818 1263 867 10c0‚0-

140 868 361 906 stendetur.

198 921 289 960 280.
322 922 378 958 De
406 921 548 958 summi
579 929 706 961 autem
737 921 936 963 Pontificis
977 927 1147 978 primatu
1183 939 1261 966 non

140 974 265 1011 solum
294 974 463 1022 ordinis,
494 974 557 1012 sed
587 977 704 1014 etiam
734 975 996 1028 auEtoritatis,
1041 980 1074 1017 8(
1104 980 1261 1033 jur-isdi-

139 1027 295 1074 {iionis,
328 1041 438 1064 nemo
467 1027 755 1068 Catliolicorum
785 1031 961 1080 dubitat3
992 1048 1082 1072 cum
1113 1037 1159 1073 sit
1189 1034 1260 1075 hoc

136 1080 404 1118 firmissimum
429 1090 569 1119 nostrae
591 1083 778 1122 Ecclesiae
800 1086 938 1138 dogma
957 1114 967 1125 .
996 1087 1038 1126 Si
1059 1103 1148 1141 quae
1170 1103 1263 1128 con-

137 1135 334 1172 troversiae
365 1136 405 1172 in
436 1134 508 1173 hac
539 1139 699 1176 materia
731 1139 928 1191 apudnos
957 1150 1071 1191 sunt,
1114 1143 1160 1180 ad
1191 1143 1263 1181 ali-

134 1202 212 1239 qua
242 1188 384 1240 punt-'ta
416 1191 692 1242 restringuntur
706 1222 719 1245 ,³
768 1193 812 1230 de
842 1194 984 1245 quibus
1027 1209 1118 1232 cum
1150 1196 1260 1234 nulla

135 1241 263 1279 adhuc
291 1244 337 1279 sit
366 1241 552 1280 Ecclesiae
583 1244 779 1293 definitio,
811 1247 917 1284 salvo
946 1247 1066 1295 fidei,
1106 1248 1140 1284 8(
1169 1248 1262 1287 cha-

134 1296 258 1332 ritatis
289 1295 460 1333 vincula
478 1298 576 1334 inter
606 1311 673 1334 nos
702 1299 945 1350 disputatur.

166 1348 283 1386 ·281.
314 1348 406 1399 Obj.
437 1350 571 1386 tertio.
620 1351 662 1387 In
691 1350 864 1389 Ecclesia
897 1351 1070 1392 Romana
1102 1355 1257 1394 fuerunt

136 1400 345 1453 aliquando
360 1402 591 1448 schismata3
621 1404 744 1441 immo
761 1435 771 1454 ,
803 1405 864 1443 vel
881 1408 994 1445 etiam
1013 1407 1142 1459 plures
1164 1423 1257 1447 non-

133 1468 331 1505 nunquam
363 1457 590 1504 extiterunt,
620 1458 690 1509 q-ui
720 1473 757 1496 se
787 1463 957 1498 summos
988 1476 1065 1499 esse
1096 1462 1255 1501 Pontifi-

134 1521 196 1545 ces
226 1506 436 1558 jactarent,
486 1508 519 1544 8(
549 1511 715 1562 quilibet
744 1526 828 1552 suos
858 1514 1019 1553 asseclas
1056 1515 1255 1565 habebat3

132 1571 173 1598 ut
195 1562 384 1600 incertum
402 1559 518 1614 plane
534 1575 648 1614 esset,
679 1568 843 1619 quinam
866 1567 973 1619 jure,
1004 1571 1166 1622 quinam
1189 1585 1256 1610 au-

133 1624 208 1652 tem
239 1615 386 1667 injuria
416 1631 612 1656 summum
642 1620 716 1658 sibi
739 1619 1010 1661 Pontificatum
1039 1634 1256 1677 arrogaret.

129 1669 290 1720 Insuper
336 1669 464 1708 adhuc
494 1673 596 1724 viget
639 1687 823 1725 magnum
856 1676 955 1715 illud
988 1677 1172 1717 Ecclesiae
1204 1681 1255 1717 Ο-

130 1722 303 1761 :rieutalis
333 1723 384 1762 ab
406 1725 648 1764 occidentali
678 1729 905 1769 dissidium:
935 1730 969 1767 8(
989 1740 1117 1771 tamen
1148 1747 1256 1786 quae-

131 1775 226 1814 tibet
255 1791 292 1814 se
322 1792 452 1816 veram
490 1793 567 1817 esse
596 1780 739 1820 Christi
769 1783 986 1822 Ecclesiam
1030 1788 1252 1826 existimat:

132 1830 193 1868 vel
225 1843 312 1882 ergo
343 1834 468 1870 unitas
497 1847 568 1871 non
599 1844 652 1872 est
683 1850 782 1874 verae
814 1838 1000 1876 Ecclesiae
1033 1850 1141 1890 nota,
1191 1842 1253 1880 vel

133 1896 258 1935 neque
301 1884 583 1936 Occidentalis,
632 1902 757 1941 neque
794 1892 1000 1931 Orientalis
1041 1894 1252 1946 Ecclesia,

135 1945 186 1973 est
217 1950 303 1975 vera
323 1963 332 1974 .
932 1952 935 1955 “

192 1990 282 2028 282.
315 1990 426 2043 l'tesp.
455 1993 595 2044 primae
616 1993 846 2046 objectionis
874 1997 1000 2049 parti,
1031 1997 1254 2050 hujusmodi

137 2043 341 2082 schismata
374 2046 604 2098 plerumque
635 2048 737 2086 haud
767 2051 833 2087 diu
853 2051 1036 2098 durasse,
1066 2062 1180 2104 atque
1212 2068 1254 2089 u-

134 2099 315 2144 nitatem,
348 2112 392 2134 ac
424 2113 557 2148 pacem
586 2100 697 2138 brevi
728 2103 841 2140 fuisse
872 2105 911 2141 in
942 2104 1118 2143 Ecclesia
1149 2108 1255 2143 resti-

133 2159 250 2188 tutam
270 2177 278 2187 .
310 2150 459 2189 Deinde
482 2151 565 2189 haec
594 2153 802 2194 schismata
823 2155 950 2193 errore
967 2155 1079 2206 ιῙξκὲἰὲἰ
1108 2160 1255 2196 contin-

132 2204 292 2256 gebant,
323 2217 397 2249 non
421 2205 554 2256 juris.
601 2206 915 2259 Scilicet·oinnes
945 2209 1134 2249 Catholici
1164 2225 1253 2249 con-

134 2259 354 2296 cordissima
383 2260 523 2296 unitate
545 2261 750 2299 credebant
767 2292 777 2310 ,
808 2277 1005 2300 summum
1024 2263 1252 2303 Pontificem

131 2325 209 2349 esse
241 2312 501 2350 venerandum
520 2344 530 2362 ,
577 2323 615 2353 ut
645 2316 799 2354 visibile
830 2318 941 2356 totius
970 2317 1158 2357 Ecclesiae
1189 2333 1253 2358 ca-

133 2374 201 2417 put
220 2396 230 2414 ,
261 2365 295 2402 8(
323 2365 552 2405 Christianae
584 2370 770 2408 societatis
800 2381 1000 2419 centrum,
1031 2387 1053 2410 a
1084 2386 1160 2425 quo
1189 2388 1274 2411 ne-.

134 2433 198 2457 mo
228 2420 303 2457 sine
327 2433 463 2471 magno
482 2422 640 2472 piaculo
667 2424 834 2476 disiungi
857 2427 972 2477 possit
991 2451 1001 2464 .
1031 2425 1166 2464 Solum
1190 2441 1254 2466 vo-

135 2473 294 2511 cabatur
323 2474 362 2511 in
393 2474 584 2525 dubium,
615 2473 776 2528 quinam
805 2488 898 2516 esset
927 2493 1065 2528 verus,
1096 2480 1130 2517 8<
1160 2482 1256 2533 legi-

134 2528 250 2565 timus
283 2526 473 2566 Romanus
503 2528 704 2583 Pontifex.
734 2533 914 2570 Ceterum
944 2535 1098 2585 quando
1128 2537 1256 2573 mani-

136 2582 225 2619 feste
255 2581 451 2620 constabat
480 2583 525 2620 (le
556 2586 740 2624 canonica
763 2586 848 2624 'veri
880 2586 1076 2626 Pontificis
1106 2588 1257 2628 (31εᾶἰο-

136 2648 210 2683 ne,
255 2637 323 2688 qui
353 2635 411 2674 illi
442 2637 611 2676 debitam
641 2639 903 2679 obedientiam
935 2651 1119 2694 praestare
1148 2657 1258 2691 recu-

138 2688 268 2726 sabant
284 2720 294 2738 ,
327 2699 364 2727 ut
385 2689 632 2730 schismatici
661 2693 710 2732 ab
730 2693 918 2734 Ecclesiae
942 2697 1089 2736 unitate
1119 2699 1260 2737 resciit*

140 2741 325 2781 debantur
341 2771 351 2781 .
1105 2784 1108 2787 ,

198 2795 287 2834 283.
317 2797 364 2834 Et
393 2799 448 2837 sic
478 2800 591 2838 recisi
621 2810 705 2839 sunt
734 2815 866 2842 omnes
896 2803 1140 2854 Orientales,
1188 2807 1258 2858 qui

141 2858 271 2886 contra
302 2849 489 2892 Romanos
519 2853 720 2893 Pontifices
761 2870 870 2896 veros
900 2872 942 2896 ae
974 2857 1165 2910 legitimos
1193 2866 1263 2899 ve-‘

141 2900 282 2942 xillum
314 2904 531 2960 rebellionis
560 2920 759 2949 erexerunt
772 2915 786 2948 '.
835 2912 918 2949 lmo
947 2911 1156 2963 justissimo
1191 2927 1259 2966 po-

142 2964 220 2994 stea
249 2955 322 2992 Dei
353 2960 496 3006 judicio
525 2965 674 3011 evenit,
708 2974 746 3003 ut
776 2966 858 3017 ipsa
887 2965 1062 3005 Ecclesia
1083 2968 1259 3007 Orienta-

142 3008 192 3046 lis
209 3038 220 3056 ,
249 3022 338 3061 quae
361 3010 506 3049 Latinae
527 3018 639 3055 ‘unita
662 3017 934 3058 florentissima
958 3029 1065 3070 erat,
1095 3031 1178 3074 post
1199 3022 1259 3060 fu-

144 3063 404 3100 nestissimum
432 3065 594 3106 schisma
624 3072 663 3107 in
703 3075 827 3111 varias
857 3083 986 3125 partes·
1024 3077 1162 3114 misere
1203 3077 1261 3114 di-

146 3125 406 3167 scerperetur,
455 3128 494 3155 ut
525 3121 630 3159 nulla
673 3126 842 3177 amplius
871 3128 917 3165 sit
959 3129 1000 3168 in
1029 3143 1073 3167 ea
1103 3131 1226 3168 unitas
1248 3157 1267 3170 .,

146 3170 211 3209 Sic
243 3168 432 3220 Rutheni,
482 3172 660 3223 Armeni,
708 3179 921 3232 AEthiopes,
951 3181 1068 3234 Syri,
1113 3183 1259 3236 aliique

147 3222 284 3277 populi
313 3223 454 3276 singuli
483 3240 568 3267 suos
598 3227 740 3267 habent
770 3231 1006 3274 Patriarchas
1024 3267 1034 3286 ,
1081 3237 1142 3276 vel
1172 3252 1259 3277 suas

641 91 793 137 PARS
814 92 873 138 11.
906 93 1310 140 DISSERTATIO
1334 95 1412 138 III.
1447 94 1575 139 CAP.
1614 93 1713 140 vn.
1746 97 1885 142 ART.
1909 97 1967 144 Π.

1337 174 1537 226 Synodos3
1568 190 1636 214 nec
1668 176 1787 214 ullam
1809 179 1979 229 amplius
1999 188 2149 220 servant
2170 181 2267 219 inter
2298 195 2336 220 se
2357 196 2465 224 com*-

1339 230 1564 266 munionem
1583 260 1594 278 ,
1624 229 1716 267 dum
1748 231 1902 267 interim
1934 231 2108 272 Ecclesia
2138 236 2388 275 occidentalis
2420 253 2464 277 u-

1337 280 1456 333 bique
1486 282 1646 330 diffusa,
1695 282 1727 320 8(
1758 283 1877 320 simul*
1922 285 2027 322 unita
2057 289 2262 338 pristinum
2310 303 2461 343 semper

1338 337 1503 373 servavit
1545 337 1813 389 splendorem.
1862 338 1944 374 Iino
1974 338 2079 376 Deus
2107 342 2195 392 Opt.
2228 343 2335 381 Max.
2386 358 2462 384 non

1340 401 1481 439 paucos
1513 393 1589 428 tain
1622 392 1719 428 inter
1751 392 1935 439 Graecos,
1966 405 2085 444 quam
2116 394 2213 431 inter
2242 397 2460 437 Orientales

1338 455 1405 480 sua
1436 444 1680 494 providentia
1711 444 1834 481 eidem
1867 446 1993 482 unitos
2023 446 2203 484 retinuit.
2239 453 2253 472 ²

1395 495 1485 541 284.
1517 497 1611 550 Obj.
1643 497 1711 535 ult.
1743 497 1784 534 ln
1806 499 1888 549 ipso
1909 499 2123 550 primordio
2142 499 2327 540 Ecclesiae
2357 505 2459 544 mul-

1338 557 1386 587 tae
1418 558 1519 588 natae
1549 560 1636 590 sunt
1666 550 1852 599 lraereses„
1884 551 1916 588 8(
1938 551 2061 592 multa
2092 555 2245 592 fuerunt
2276 555 2459 598 schisma·-

1337 611 1372 641 ta
1390 632 1400 650 ‚
1431 605 1527 656 quin
1560 614 1688 644 tamen
1718 605 1912 643 desisteret.
1939 620 2016 644 esse
2046 621 2134 646 vera
2156 608 2331 648 Ecclesia
2347 611 2459 651 Chri-

1335 658 1404 695 sti:
1436 672 1510 696 non
1541 672 1628 710 ergo
1659 660 1783 697 unitas
1814 657 1884 696 &m
1914 657 2012 697 Sane
2031 661 2206 700 Clemens
2229 661 2456 703 Alexandri-

1334 725 1406 749 nus
1438 711 1525 750 Lib.
1547 713 1635 751 Vll.
1679 712 1934 750 Stromtztum
1972 727 2080 753 num.
2108 715 2168 753 16.
2200 717 2340 766 refert,
2389 718 2459 757 Ju-

1333 765 1438 802 daeos
1457 795 1466 813 ,
1499 764 1532 802 8(
1554 765 1725 806 Gentiles
1746 768 1863 804 fuisse
1883 782 1905 805 a
1934 777 2061 806 nostra
2083 767 2267 821 religione
2289 771 2458 823 alienos,

1332 829 1490 871 propter
1519 820 1812 859 dissensionem
1842 820 2043 860 haeresum
2066 848 2076 860 .

1388 872 1480 912 985.
1514 873 1625 927 Resp.
1649 875 1859 913 Haereticos
1878 874 1967 913 illos
1984 905 1995 924 ,
2026 875 2060 911 8(
2080 875 2352 917 Schismaticos
2371 878 2467 917 nul·-

1333 924 1418 964 lum
1450 930 1586 967 unitati
1608 929 1794 967 Ecclesiae
1824 939 2102 968 nocumentum
2132 930 2334 981 intulisse,
2365 931 2462 984 c’fuia.

1331 980 1392 1019 vel
1423 992 1553 1033 sponte
1583 983 1633 1021 ab
1663 984 1794 1021 eadem
1817 994 2079 1033 recesserunt,
2108 985 2169 1023 vel
2201 994 2240 1023 ut
2261 995 2458 1026 contuma-

1330 1048 1391 1072 ces
1420 1035 1530 1082 eieffl
1561 1045 1647 1074 sunt
1665 1063 1676 1075 .
1708 1038 1761 1075 Ita
1781 1050 1851 1074 nec
1873 1038 1986 1075 modo
2017 1040 2153 1077 unitati
2176 1038 2366 1078 Ecclesiae
2388 1041 2458 1078 ob-

1332 1083 1447 1137 sunt,
1477 1099 1662 1142 quotquot
1691 1089 1774 1142 ejus
1805 1103 1938 1129 vocem
1968 1093 2104 1130 audire
2133 1091 2367 1141 detrectatum
2397 1095 2458 1133 isti

1332 1143 1436 1178 enim
1468 1152 1694 1193 separantur
1723 1144 1772 1182 ab
1803 1145 1950 1182 unitate
1968 1171 1978 1183 .

1387 1194 1478 1232 286.
1511 1195 1595 1234 Non
1640 1198 1692 1234 ita
1720 1198 1964 1248 respondere
2007 1207 2161 1250 possunt
2204 1200 2422 1239 Acatholici
2444 1231 2456 1249 ,

1329 1247 1398 1299 qui
1429 1246 1581 1286 nullum
1613 1248 1755 1288 habent
1785 1264 1852 1288 nec
1884 1250 2002 1297 fidei,
2045 1266 2114 1289 nec
2146 1255 2343 1304 regiminis
2374 1268 2457 1293 cer—

1329 1309 1413 1338 tum
1444 1303 1673 1352 vinculum,
1705 1311 1745 1340 ut
1776 1304 1935 1355 proinde
1966 1316 2040 1342 non
2060 1305 2177 1342 etiam
2200 1305 2340 1343 habere
2371 1320 2455 1359 pos-

1327 1355 1402 1393 sint
1432 1356 1620 1394 unitatem
1640 1388 1650 1406 ,
1681 1372 1800 1410 quam
1822 1359 2097 1409 temporariam
2127 1360 2389 1411 quandoque,
2419 1361 2455 1398 8(

1325 1408 1606 1448 accidentalem
1623 1438 1632 1450 .
1667 1411 1724 1449 Ad
1746 1411 1881 1449 fucum
1905 1411 2070 1462 quidem
2091 1412 2281 1463 imperitis
2313 1414 2455 1452 facien-

1326 1462 1420 1500 dum
1441 1493 1453 1511 ,
1500 1463 1642 1515 jaftant
1671 1473 1709 1503 s'e
1740 1465 1880 1503 habere
1911 1465 2003 1502 fidei
2046 1466 2234 1505 unitatem
2265 1467 2304 1504 in
2335 1469 2456 1511 sacris

1324 1515 1488 1564 litteris3
1536 1528 1803 1559 verumtamen
1834 1533 1923 1557 cum
1968 1518 2124 1557 nullum
2155 1529 2358 1571 agnoscant
2387 1535 2450 1559 su—

1325 1584 1534 1623 premum,
1566 1572 1600 1609 8(
1632 1572 1883 1612 infallibilem
1914 1587 2050 1611 earum
2082 1574 2353 1626 interpretem,
2385 1575 2450 1613 sed

1326 1624 1496 1677 quilibet
1525 1629 1676 1678 privato
1704 1641 1772 1666 suo
1801 1628 1967 1679 spiritu,
1998 1626 2033 1662 8(
2061 1628 2186 1665 studio
2215 1641 2276 1666 eas
2307 1628 2452 1666 intelli-

1325 1687 1413 1730 gat,
1445 1681 1695 1719 manifestum
1725 1690 1805 1729 est,
1835 1680 2055 1731 Scripturas
2085 1695 2209 1718 sacras
2239 1695 2313 1718 non
2344 1695 2453 1734 posse

1325 1745 1404 1770 esse
1433 1743 1606 1772 centrum
1639 1736 1796 1774 unitatis
1827 1735 1867 1772 in
1896 1733 2093 1783 doetrina,
2125 1735 2188 1772 sed
2218 1749 2296 1772 esse
2327 1737 2453 1786 potius

1326 1796 1558 1839 perpetuum
1589 1789 1873 1827 discordiarum
1894 1788 2068 1825 fomitem
2088 1817 2098 1834 ,
2129 1788 2231 1839 quod
2253 1790 2454 1839 experien-

1320 1842 1372 1878 tia
1403 1851 1480 1879 tam
1511 1850 1645 1891 vetus,
1675 1856 1794 1895 quam
1816 1855 1976 1889 recens,
2009 1855 2054 1878 ac
2084 1841 2310 1892 quotidiana
2341 1843 2453 1879 miri-

1324 1895 1398 1932 fice
1428 1895 1630 1935 confirmat
1648 1924 1657 1934 .
1688 1896 1763 1934 Sed
1792 1896 1838 1933 de
1868 1894 1941 1934 hac
1963 1908 2003 1933 re
2032 1893 2179 1933 dietum
2209 1904 2264 1934 est
2293 1896 2381 1934 satis
2411 1896 2452 1934 in

1286 1991 1290 1994 ,
1323 1948 1555 1987 Dissert.11.
1585 1965 1672 2002 cap.
1697 1951 1733 1988 5.
1765 1949 1798 1985 8(
1828 1963 1908 2001 seq.

1385 1994 1477 2050 287.
1509 2002 1764 2043 Manifestum
1794 2011 1848 2039 est
1877 2004 2020 2049 etiam,
2069 2015 2145 2039 non
2175 2001 2317 2038 habere
2348 2001 2448 2040 Aca-

1321 2051 1509 2101 tliolicos,
1540 2068 1610 2092 nec
1642 2053 1782 2092 habere
1804 2066 1911 2105 posse
1941 2055 1982 2090 i'n
2012 2055 2088 2090 suis
2109 2055 2453 2093 communionibus

1323 2106 1512 2144 unitatem
1534 2108 1734 2157 regiminis
1752 2138 1762 2154 ,
1793 2107 1827 2143 8<
1846 2107 2078 2144 ministerii.
2109 2105 2311 2159 Postquam
2343 2109 2450 2147 enim

1323 2170 1458 2195 eorum
1507 2161 1740 2210 antesignani
1785 2175 1806 2197 a
1835 2159 1963 2196 debita
2001 2161 2078 2196 suis
2106 2159 2353 2210 Pastoribus,
2403 2176 2449 2201 ac

1323 2213 1524 2264 praecipue
1556 2211 1726 2250 Romano
1755 2210 1934 2249 Ponti-fici
1980 2211 2198 2250 obedientia
2227 2228 2265 2251 se
2294 2215 2452 2253 subtra—

1323 2274 1484 2314 xerunt,
1516 2266 1668 2318 aequale
1698 2264 1758 2312 ius
1787 2267 1908 2303 etiam
1934 2277 2068 2302 eorum
2095 2265 2252 2303 asseelae
2281 2269 2450 2320 acquisi-

1322 2329 1487 2368 verunt,
1516 2320 1564 2358 ab
1595 2314 1816 2358 obedientia
1844 2326 2033 2358 novorum
2063 2317 2260 2358 Pastorum
2290 2335 2326 2358 se
2356 2322 2451 2360 sub-

1323 2373 1529 2411 trahendi.
1579 2374 1736 2412 Habitae
1767 2373 1927 2424 quidem
1958 2372 2065 2409 fuere
2095 2374 2134 2411 in
2165 2372 2364 2426 aliquibus
2392 2389 2448 2412 se-

1325 2424 1392 2465 &is
1421 2427 1651 2480 quandoque
1674 2428 1825 2474 Svnodi-
1841 2456 1851 2475 ‚
1882 2425 1916 2462 8(
1946 2425 2070 2464 ereda
2091 2427 2169 2464 fere
2191 2427 2337 2480 ubique
2353 2428 2457 2466 Con·-

1324 2482 1470 2519 sistoria
1488 2511 1498 2530 ,
1529 2482 1673 2534 quibus
1700 2474 2045 2533 obtemperandum
2077 2495 2154 2518 esse
2183 2480 2315 2520 volunt
2335 2509 2345 2519 .
2375 2481 2450 2519 Sed

1325 2537 1354 2573 si
1386 2537 1507 2587 posita
1538 2535 1654 2573 semel
1678 2534 1824 2572 Pseudo
1854 2534 2135 2572 reformationis
2167 2536 2360 2586 principia
2382 2549 2453 2574 va·

1325 2588 1429 2638 lent,
1461 2588 1544 2627 haec
1574 2588 1788 2627 tribunalia
1809 2587 1957 2626 nullius
1986 2602 2139 2641 prorsus
2168 2597 2254 2641 sun-t
2284 2588 2449 2627 auetori-

1326 2644 1433 2689 tatis3
1482 2657 1632 2696 semper
1661 2642 1764 2680 enim
1807 2641 1974 2694 quilibet
2016 2644 2189 2694 privatus
2220 2643 2454 2680 examinare>

1327 2698 1508 2746 debebit,
1534 2712 1586 2736 an
1604 2728 1614 2746 ,
1644 2697 1748 2750 quod
1777 2696 2008 2734 Consistoria
2037 2695 2198 2746 jubent,
2230 2695 2290 2733 vel
2320 2696 2449 2749 Syno-

1326 2752 1364 2789 di
1395 2751 1612 2800 definiunt,
1642 2753 1689 2789 sit
1718 2749 1836 2789 verbo
1864 2749 1939 2786 Dei
1969 2758 2264 2793 consentaneum
2284 2776 2293 2788 .
2333 2751 2449 2797 Quod

1326 2807 1356 2843 si
1387 2814 1684 2844 consentaneum
1714 2816 1787 2842 non
1817 2803 2016 2851 videatur,
2048 2815 2119 2840 non
2150 2802 2274 2841 solum
2307 2805 2447 2856 poterit

1325 2854 1518 2912 quilibet,
1563 2859 1627 2898 sed
1656 2859 1771 2904 etiam
1802 2856 1956 2894 debebit
1984 2856 2242 2894 obedientiam
2286 2858 2448 2910 denega-

1325 2927 1392 2951 re.
1425 2914 1527 2951 Hine
1557 2922 1608 2951 tot
1637 2912 1740 2965 apud
1762 2910 2017 2949 Heterodoxos
2038 2910 2086 2948 ab
2119 2912 2202 2962 ipso
2223 2911 2447 2963 pseudo-re-

1327 2967 1566 3006 formationis
1594 2966 1750 3004 exordio
1779 2974 1868 3003 nata
1898 2972 1980 3002 sunt
2024 2963 2256 3011 schismata3
2303 2965 2450 3017 quibus

1328 3021 1508 3060 tollendis
1535 3020 1691 3069 nullum
1733 3018 1839 3058 aliud
1869 3019 2036 3056 inveniri
2066 3019 2188 3070 potuit
2230 3020 2446 3057 remedium

1328 3089 1447 3127 quam
1478 3084 1612 3113 mutua
1640 3069 1813 3112 omnium
1844 3072 2071 3119 tolerantia,
2102 3086 2190 3125 quae
2221 3073 2373 3110 tandem
2404 3072 2444 3110 in

1327 3143 1471 3181 purum
1491 3160 1502 3179 ,
1530 3137 1745 3182 putumque
1766 3124 2334 3181 re]igionis'indifferentismum
2355 3138 2446 3164 (ιου-ἓ

1328 3197 1437 3223 versa
1467 3192 1520 3221 est
1551 3183 1614 3234 (a)
1634 3209 1643 3221 .
1998 3196 2003 3200 ·
2202 3228 2205 3229 ⁷
2395 3233 2402 3240 ι
2447 3189 2450 3191 ’

1383 3237 1476 3277 288.
1505 3235 1687 3277 Scholion
1705 3261 1715 3273 .
1743 3233 1804 3274 Ex
1824 3232 2004 3273 haetenus
2035 3233 2144 3273 dietis
2172 3231 2453 3325 Spontefffflt’·

2351 3299 2394 3324 u-

198 3343 258 3384 gu)
281 3341 374 3389 Nota
396 3342 559 3381 omnibus
587 3352 668 3380 :unt
682 3365 694 3385 ³
729 3356 806 3392 qua>
832 3347 958 3395 Philip.
980 3353 1222 3393 metandum„
1246 3354 1425 3394 scribebat
1452 3353 1648 3391 amicastu)
1672 3351 1794 3388 Joach.
1820 3350 2048 3392 Camerarior,
2088 3349 2230 3395 cupiens
2257 3347 2454 3384 austeritas>
