2564 3706
210 120 299 171 24]..

150 199 316 236 fessionis
334 194 496 241 haimim
527 203 563 234 at
591 207 682 233 vero
699 194 799 234 idem
821 197 861 234 S.
885 197 992 235 Pater
1008 198 1207 247 manifeste
1229 212 1267 233 a·

150 253 273 301 gii-,rit
307 261 384 301 pusi
402 252 540 288 (Lusisti
572 253 828 288 ascensionem
848 251 892 289 ad
909 251 1052 288 caetum
1072 251 1185 287 fuisse
1202 249 1269 285 Pe-

151 314 250 340 trum
283 313 523 341 <numentum
553 305 667 342 etiam
699 303 911 342 Primatum
943 303 1122 350 lionoris,
1154 302 1186 337 8(
1209 302 1268 351 ju-

151 356 381 394 risdiftionis
401 388 410 406 ,
441 360 491 395 ita
509 367 548 395 ut
565 358 722 396 Vicaria
742 357 879 396 Christi
898 357 1055 395 Domini
1087 364 1264 405 potestate

148 411 394 462 fungeretur3
443 413 568 465 inquit
597 413 700 450 enim
733 414 748 462 (
780 413 818 449 in
856 412 1003 449 Lucam
1033 409 1122 449 Lib.
1144 407 1196 446 X.
1228 423 1267 446 n.

154 466 245 515 175.
277 463 309 500 8<
340 479 418 518 seq.
451 464 471 513 )
497 481 517 502 a
549 465 715 504 Domino
746 465 862 502 fuisse
900 464 1170 514 interrogatum
1202 461 1269 499 Pe-

149 526 280 566 trum,
312 518 453 557 Simon
483 519 611 572 diligis
641 532 706 556 me
734 518 818 568 plus
847 514 946 554 lzis?
975 529 1050 553 non
1081 516 1190 567 quasi
1221 515 1268 553 il-

146 571 183 607 le
213 572 431 621 dubitaret,
464 572 534 610 sed
563 583 601 609 ut
624 571 805 618 doceret,
836 583 955 619 quem
984 569 1199 607 elevandus
1228 573 1269 607 in

146 626 291 666 caelmn
312 656 322 674 ,
353 631 506 665 amoris
526 631 584 663 sui
600 626 711 663 veluti
727 627 919 662 vicarium
936 622 1183 674 relinquebat
1199 648 1211 662 .
1229 650 1239 662 .
1258 651 1268 663 .

149 678 337 730 Denique
367 684 479 718 tertio
509 679 746 725 Dominus,—
777 689 858 715 non
883 679 980 730 jam
1010 676 1140 729 diligis
1170 691 1268 727 me,

147 732 218 771 secl
240 747 361 771 arnas
383 747 446 771 me
465 764 475 781 ,
506 736 764 785 interrogavit
782 761 792 779 ,
822 732 872 772 ἕο*
887 733 984 784 jam
1005 744 1085 768 non
1116 744 1269 783 agnos,

146 795 188 822 ut
216 791 344 837 primo
364 786 537 838 quodam
566 785 669 824 Iti-He
691 784 915 838 pascendos
932 815 942 833 ,
973 798 1046 823 nec
1067 786 1264 835 oriculas,

146 849 187 876 ut
215 841 414 882 secundo.
444 839 514 878 scal
542 853 630 878 ores
658 851 826 891 pascere
849 838 1030 892 jubetur,
1057 838 1262 893 perfec‘lio-

147 906 211 932 res
241 903 281 932 ut
307 893 517 946 perfefflior
543 893 811 946 gubernaret.

202 947 267 991 45.
299 948 356 986 Ad
388 948 424 986 5.
456 947 582 986 Sanct.
614 949 823 1000 Gregorius
844 946 886 985 P.
916 948 1069 1000 negavit
1099 956 1267 986 tantum-

145 1001 287 1048 thodo,
318 1000 472 1039 Petrum
505 1002 619 1040 fuisse
648 1002 833 1040 Ecclesiae
865 1011 980 1054 caput
1013 1004 1269 1055 primarium,

148 1068 192 1093 ac
215 1054 473 1107 independens
493 1086 503 1103 ,
533 1056 751 1107 cujusmodi
774 1065 826 1095 est
848 1055 948 1094 solus
969 1056 1162 1102 Christus3
1193 1070 1268 1094 non

149 1116 275 1147 autem
292 1118 405 1160 caput
421 1111 692 1148 secundarium
706 1140 715 1158 ,
739 1109 1013 1157 ministeriale,
1035 1110 1068 1146 8<
1086 1110 1242 1149 visibile
1259 1136 1268 1149 .

200 1162 268 1208 44.
297 1162 534 1201 Clementem
564 1177 654 1202 vero
675 1163 884 1202 Alexandr.
914 1164 1163 1202 manifestum
1195 1172 1267 1211 est,

148 1214 284 1268 loqui,
312 1229 389 1254 non
419 1217 464 1254 de
495 1216 668 1255 Primatu
699 1219 739 1255 in
772 1219 946 1254 universa
970 1216 1174 1263 Ecclesia,
1205 1217 1270 1254 sed

145 1269 191 1306 de
222 1269 454 1322 Episcopatu
483 1270 829 1321 Jerosolylnitano,
877 1283 922 1306 ac
968 1277 1167 1320 propterea
1198 1268 1267 1308 illa

149 1323 268 1361 verba
298 1322 345 1360 cle
373 1329 502 1372 primo
531 1323 686 1360 lionoris
715 1322 846 1375 gradu
890 1322 1148 1373 restringenda
1178 1331 1268 1361 sunt

145 1376 192 1414 ad
221 1375 434 1414 Ecclesiam
456 1376 813 1427 ,ierosolymitanam
833 1407 842 1424 ,
872 1388 948 1412 non
981 1376 1029 1414 ad
1050 1374 1267 1415 Ecclesiam

147 1430 365 1467 universam
396 1430 655 1468 extendenda.
685 1430 820 1482 Neque
851 1442 942 1467 vero
975 1429 1120 1467 ferendi
1151 1439 1266 1479 sunt,

143 1483 212 1535 qui
244 1481 441 1520 laudatum
472 1482 680 1522 Clementis
712 1483 919 1523 Alexandr.
951 1482 1080 1521 locum
1124 1497 1168 1521 ex
1199 1484 1268 1523 Sa-

143 1535 297 1575 srleensi
327 1537 456 1574 codice
478 1539 529 1575 ita
558 1538 691 1577 vitiose
720 1537 875 1592 legunt:
907 1537 1187 1588 Apostolorum
1207 1537 1265 1577 E-

145 1594 349 1641 piscopum
379 1595 623 1629 constituunt
637 1619 649 1631 .

197 1644 268 1690 45.
300 1644 471 1698 Epistola
502 1645 542 1684 S.
562 1646 769 1685 Clementis
797 1647 846 1685 ad
867 1646 1058 1686 Jacobum
1088 1648 1267 1686 omnium

141 1699 386 1737 eruditorum
417 1698 565 1750 judicio
583 1702 829 1754 supposititia
847 1711 900 1740 est
917 1716 927 1748 3
959 1701 992 1737 8<
1023 1711 1209 1753 praeterea
1229 1703 1269 1741 in

141 1766 185 1790 ea
217 1750 344 1791 Sanct.
366 1752 494 1791 Petrus
523 1764 681 1793 vocatur
700 1754 900 1794 Ecclesiae
917 1754 1269 1807 fundamentum,

145 1805 348 1844 Primitiae
368 1806 510 1845 Clzristi
526 1808 714 1859 Domini,
734 1810 783 1850 (9⁴
799 1810 1077 1862 Apostolorum
1093 1815 1268 1861 primus.

200 1859 267 1904 46.
301 1861 470 1898 Demum
500 1862 688 1915 Hesychii
731 1863 849 1902 verba
879 1863 1131 1916 hyperbolice
1168 1866 1271 1903 sumi

145 1911 287 1950 dehent
305 1943 315 1961 ,
356 1914 402 1951 ad
433 1914 688 1954 extollendam
718 1916 907 1955 Ecclesiae
937 1917 1270 1970 ,ierosolymitanae

148 1965 372 2016 dignitatem
392 1996 402 2014 ,
431 1981 520 2019 quae
551 1969 665 2006 etiam
695 1968 862 2006 aliarum
883 1969 1149 2006 Ecclesiarnm
1171 1971 1270 2007 stla-

146 2020 457 2071 terquandoque
474 2019 573 2059 ditta
589 2030 662 2068 est,
693 2024 785 2072 quia
801 2022 851 2060 ab
881 2022 964 2073 ipso
979 2020 1131 2059 Christo
1160 2022 1271 2073 plan-

152 2082 251 2120 tata,
301 2073 333 2109 &
364 2086 432 2110 suo
461 2075 836 2125 sanguineirrigata
878 2075 980 2121 fuit,
1027 2074 1203 2127 aliasque
1233 2090 1272 2113 o-

149 2140 284 2173 mnes,
316 2127 373 2163 sin
404 2127 533 2164 minus
563 2127 770 2178 dignitate,
801 2126 935 2165 saltem
967 2135 1077 2164 aetate
1107 2142 1272 2179 praecee-

148 2182 220 2218 sit.
259 2179 324 2217 Sic
355 2180 469 2218 etiam
499 2181 540 2218 in
569 2194 677 2218 sensu
705 2182 835 2219 minus
864 2182 1023 2232 proprio
1052 2194 1202 2219 sumere
1230 2195 1271 2219 ο-

147 2241 294 2286 portet,
324 2247 413 2285 quae
436 2233 581 2272 ibidem
603 2233 821 2286 Hesychius
842 2233 980 2272 hahet:
1012 2233 1152 2272 Petrus
1167 2249 1270 2286 prce-

148 2287 256 2324 dicat
287 2289 301 2339 (
332 2289 372 2325 in
402 2286 662 2340 Jerosolymit.
691 2288 868 2327 Concilio
899 2288 942 2337 ),
990 2287 1161 2327 Jacobus
1204 2289 1270 2328 sle-

149 2345 302 2389 cernit,
333 2339 492 2378 dicens:
523 2355 596 2394 ego
618 2341 785 2394 judico,
815 2355 898 2380 non
927 2346 1143 2394 inquietari
1173 2344 1269 2383 &c.:

148 2408 224 2433 non
267 2404 364 2432 certe
408 2396 518 2447 quasi
548 2395 714 2435 Jacobus
744 2396 844 2434 solus
874 2395 1067 2448 judicium
1107 2396 1269 2447 tulerit,

148 2449 264 2486 ceteri
294 2458 420 2486 autem
451 2449 629 2502 Apostoli*
652 2452 876 2500 paruerint3
925 2465 1016 2489 nam
1045 2452 1201 2489 nomine
1229 2466 1270 2489 o·-

149 2505 299 2541 mnium
329 2501 475 2540 dietum
496 2512 574 2552 est,
607 2502 690 2542 Aa.
712 2504 803 2543 XV.
836 2503 902 2544 28.
925 2502 1074 2544 Visum
1104 2515 1163 2546 est
1184 2505 1270 2558 Spi-

151 2560 243 2595 ritui
270 2555 418 2595 Sanbio
435 2587 446 2606 ,
476 2557 525 2599 ὠ·
555 2555 665 2596 nobis
681 2584 691 2597 .

500 2662 783 2706 CAPUT
866 2668 916 2708 11.

153 2769 360 2810 ‚Solvuntur
389 2782 636 2826 argumenta
653 2805 663 2822 ,
701 2773 836 2825 quibus
865 2776 989 2826 aliqui
1018 2776 1185 2829 probare
1213 2780 1274 2816 ni-

209 2833 362 2876 tuntur,
392 2826 584 2867 santium
601 2828 771 2866 Paulum
775 2829 911 2881 fuisse
922 2830 1038 2870 Petro
1053 2832 1275 2884 (equalem.

209 2910 451 2984 47.0bjic.
477 2948 511 2974 r.
542 2935 671 2975 San&
701 2936 843 2976 Paulus
891 2938 940 2978 ad
981 2939 1110 2978 Galat.
1134 2941 1183 2979 ΙΙ.
1235 2954 1272 2992 7.

157 2998 238 3037 seq.
268 2985 343 3023 sibi
375 2988 565 3026 creditum
584 2990 719 3043 fuisse
749 2992 842 3031 dicit
871 2991 1145 3047 Erangelz'um
1171 3008 1274 3043 proe-

158 3042 283 3090 putii,
324 3043 420 3077 sicut
447 3042 496 3080 <J
526 3042 641 3082 Pei-ro
669 3049 1009 3085 circumcisionis:
1052 3062 1142 3101 ergo
1171 3049 1276 3088 vide-

158 3101 225 3132 tur
253 3106 409 3131 summa
435 3105 592 3146 potestas
612 3099 709 3138 inter
740 3111 946 3154 utrumque
968 3103 1021 3140 ita
1050 3102 1201 3152 divisa,
1232 3112 1274 3141 ut

162 3145 259 3188 alter
288 3147 328 3184 in
359 3147 570 3196 Gentibus,
600 3149 694 3189 alter
722 3167 812 3193 vero
839 3156 880 3194 in
901 3156 1045 3195 Judaeis
1074 3158 1274 3210 principa-

162 3208 246 3242 tum
276 3200 482 3239 obtineret.

216 3252 282 3299 48.
316 3253 501 3306 Respond.
532 3255 616 3294 Non
646 3256 832 3297 divisione
861 3276 1023 3302 summae
1054 3266 1276 3318 potestatis,

158 3316 355 3368 questota
396 3310 436 3369 in
465 3307 574 3370 Petro
617 3323 768 3364 semper
798 3319 1003 3366 remansit,
1050 3321 1114 3357 sed
1151 3321 1278 3373 potius

163 3361 350 3405 divisione
379 3364 586 3408 ministerii
613 3363 759 3406 facttum
788 3380 864 3407 esse
881 3387 907 3419 ,⁵
922 3378 963 3410 ut
990 3371 1083 3412 alter
1112 3373 1278 3417 Gentili-

796 114 945 161 PARS
969 115 1027 160 11.
1061 114 1465 160 DtSSER'rATIo
1497 114 1575 159 IV.
1612 114 1832 160 CARII.

1338 196 1436 248 bus,
1468 193 1563 232 alter
1591 209 1681 231 vero
1700 196 1847 233 ,ludaeis
1877 197 2112 247 praedicandi
2140 199 2379 251 provinciam
2403 208 2465 241 ab·

1340 258 1533 293 sumeret3
1564 249 1665 300 quod
1696 250 1854 300 quidem
1885 251 2031 288 nonita
2060 253 2352 306 intelligendum
2382 264 2463 304 est,

1339 303 1450 353 quasi
1484 303 1550 339 uui
1582 315 1656 339 non
1687 301 1817 340 liceret
1848 305 1886 340 in
1916 302 2072 341 alterius
2100 319 2261 345 messem
2292 309 2461 355 intrare3

1340 357 1483 392 scimus
1503 356 1608 393 enim
1640 356 1758 393 fuisse
1780 355 1931 393 Petram
1954 359 2112 395 missum
2143 360 2190 396 ad
2210 362 2431 399 Cornelium
2450 392 2468 410 ,‚

1337 410 1405 461 qui
1437 408 1604 447 Gentilis
1632 418 1732 455 erat3
1780 409 1814 446 ἃ
1844 409 1976 448 Petrus
2006 411 2085 462 ipse
2115 410 2199 449 Aa.
2221 413 2321 452 XV.
2355 430 2390 466 7.
2421 416 2467 453 in·

1337 461 1514 500 Concilio
1543 462 1868 515 ,ierosolymitano
1897 464 2016 502 dixit:
2067 461 2150 501 Viri
2167 465 2356 517 fratres,
2397 482 2461 507 ros

1340 520 1477 564 scitis,
1508 520 1701 566 quoniam
1730 516 1781 554 al>
1811 521 1986 569 antiquis
2015 517 2148 555 (liebus
2178 518 2289 561 Deus
2319 526 2359 558 in
2389 536 2461 561 no-

1339 569 1395 607 bis
1425 570 1539 621 elegit
1559 601 1570 618 ,
1617 583 1686 621 per
1716 584 1760 608 os
1790 584 1928 608 meum
1956 571 2096 610 audire
2125 582 2266 624 gentes
2304 574 2463 614 verbum.

1339 622 1555 676 Evangelii
1572 655 1582 673 ,
1612 625 1661 664 ὅ)
1678 623 1840 662 credere
1857 652 1867 663 .
1898 625 1946 664 Et
1963 634 2106 663 certum
2123 635 2198 676 est,
2229 628 2343 665 etiam
2366 628 2464 668 Pau-

1338 676 1421 715 luni
1453 678 1678 716 Judaeorum
1709 680 1951 718 conversioni
1983 679 2225 718 adlaborasse
2244 711 2254 729 ,
2292 683 2461 721 maxime

1338 745 1428 770 cum
1462 744 1497 769 2.
1527 733 1615 770 Cor.
1637 731 1708 770 XI.
1732 731 1797 771 28.
1827 732 2132 771 sollicitudinem
2164 748 2200 771 se
2231 733 2374 773 habere
2404 735 2463 774 di-

1339 794 1397 823 cat
1429 789 1610 823 omnium
1631 784 1913 824 Ecclesiarum
1930 813 1940 826 .
1973 788 1988 838 (
2020 787 2111 839 Leg.
2133 786 2173 826 S.
2195 788 2461 842 Hieronymus

1342 840 1382 877 in
1413 849 1528 892 caput
1558 841 1606 878 ll.
1637 841 1746 892 epist.
1776 840 1823 878 ad
1853 840 1982 879 Galat.
2012 840 2029 889 )

1397 893 1462 946 49.
1493 893 1586 946 Obj.
1620 907 1656 932 2.
1688 893 1820 933 Plures
1848 893 2035 933 Ecclesiae
2066 893 2220 944 Patres,
2251 894 2284 931 δε
2313 896 2464 949 antiqui

1341 946 1553 999 Scriptores
1569 948 1609 987 S.
1632 947 1820 997 Paulum,
1851 961 1926 986 non
1946 949 2074 987 minus
2102 963 2221 1001 quam
2241 949 2282 989 S.
2303 948 2462 989 Petrum

1340 1001 1526 1040 Romanae
1549 1000 1735 1040 Ecclesiae
1757 1001 1998 1055 Episcopum
2028 1003 2143 1040 fuisse
2164 1003 2296 1042 dicunt
2314 1033 2324 1052 ,
2356 1003 2390 1040 8(
2412 1003 2463 1043 ab

1339 1066 1500 1109 utroque
1529 1055 1745 1093 Ecclesiam
1789 1055 2002 1095 Romanam
2027 1057 2245 1095 'fundatam
2263 1084 2273 1096 .
2322 1056 2460 1095 Unum

1339 1109 1399 1146 vel
1449 1108 1613 1146 alterum
1663 1109 1850 1148 afferam.
1898 1109 1940 1148 S.
1987 1109 2235 1162 Epiphanius
2280 1113 2294 1161 (
2339 1108 2468 1152 Hoen..

1337 1161 1507 1200 XXVII.
1529 1162 1543 1209 )
1567 1161 1709 1199 Romoe
1725 1191 1736 1209 ,
1767 1163 1893 1214 inquit
1911 1193 1920 1210 ,
1949 1168 2068 1213 primi
2089 1167 2271 1202 omnium
2294 1164 2433 1203 Petrus
2450 1193 2462 1215 ,

1338 1217 1387 1256 <J
1420 1215 1567 1252 Paulus
1598 1215 1774 1263 Apostoli
1802 1219 1953 1266 pariter
1981 1217 2031 1257 ὠ
2060 1215 2250 1269 Episcopi
2266 1216 2463 1269 fuerunt.

1335 1269 1385 1307 Et
1415 1277 1500 1307 ante
1544 1270 1672 1321 ipsum
1702 1267 1743 1306 S.
1775 1269 1943 1306 Irenaeus
1973 1270 1988 1320 (
2018 1268 2110 1308 L‘ib.
2131 1268 2197 1308 ΙΙΙ.
2241 1270 2331 1308 adv.
2363 1270 2469 1311 lzaer..

1337 1337 1425 1375 cap.
1450 1323 1487 1362 5.
1519 1322 1534 1372 )
1567 1320 1802 1360 Ecclesiam
1832 1321 2073 1360 Romanam
2116 1336 2143 1361 a
2173 1323 2235 1361 S-s.
2266 1324 2470 1375 Apostolis.

1337 1376 1456 1414 Petro
1473 1407 1483 1426 ,
1513 1376 1563 1418 Θ
1579 1375 1705 1414 Paulo
1727 1380 1953 1415 institutam
1961 1375 2099 1427 fuisse
2115 1406 2126 1425 ,
2156 1389 2207 1415 ac
2224 1376 2461 1430 fundatam

1335 1431 1456 1470 dicit.
1504 1431 1587 1469 Imo
1617 1430 1677 1469 vel
1709 1432 1782 1482 ipsi
1814 1430 1925 1469 Rom.
1956 1430 2156 1469 Pontifices
2194 1445 2231 1469 se
2261 1431 2471 1484 appellare

1337 1493 1615 1524 consueverunt
1634 1498 1882 1523 successores
1903 1484 2033 1533 Petri,
2063 1485 2112 1526 ὠ
2135 1484 2250 1523 Pauli
2269 1516 2279 1533 ,
2311 1485 2345 1522 &
2363 1485 2465 1524 Pau.-

1336 1538 1397 1578 lus
1426 1541 1494 1578 Ill.
1525 1540 1564 1578 in
1594 1541 1862 1578 convocatione
1891 1538 2202 1578 Concilii-Trid.
2244 1541 2298 1577 sic
2336 1538 2464 1592 loqui-

1339 1603 1425 1633 tur:
1457 1592 1703 1632 Auffloritate
1723 1593 1932 1632 beatorum
1954 1593 2230 1644 Apostolorum
2250 1593 2382 1641 Petri,
2412 1592 2463 1633 <9⁶

1338 1646 1482 1697 Pauli,
1526 1662 1606 1699 qua
1634 1662 1707 1686 nos
1736 1662 1887 1700 quoque
1917 1652 1959 1686 in
1988 1651 2105 1686 terris
2122 1646 2346 1701 fungimur
2373 1646 2463 1687 &c-

1337 1703 1550 1755 eademque
1578 1705 1715 1755 repetit
1737 1703 1825 1741 Pius
1855 1701 1924 1740 IV.
1943 1732 1953 1750 ,
1983 1702 2063 1739 imo
2092 1710 2132 1739 ut
2162 1701 2201 1740 id
2231 1701 2353 1753 magis
2372 1714 2470 1739 con--

1338 1765 1433 1805 stet,
1471 1758 1512 1795 in
1542 1755 1835 1795 Pontificiorum
1865 1756 2123 1808 diplomatum
2154 1754 2292 1806 sigillis
2321 1753 2467 1805 effigies

1339 1809 1455 1848 simul
1485 1809 1613 1860 Petri,
1643 1810 1678 1847 &
1698 1809 1808 1848 Pauli
1839 1810 2006 1862 exprimi
2037 1809 2232 1847 consuevit
2250 1835 2261 1847 .
2292 1807 2471 1852 Ulterius

1339 1878 1415 1903 non
1445 1864 1605 1913 desunt,
1636 1865 1704 1917 qui
1735 1873 1944 1916 utrumque
1965 1865 2007 1902 in
2036 1864 2222 1915 dignitate>
2250 1874 2382 1914 parem
2405 1861 2460 1899 fa-

1340 1920 1466 1967 ciant,
1517 1928 1557 1957 ut
1586 1918 1749 1958 San&th
1780 1919 1990 1970 Gregorius
2018 1916 2106 1965 M.,
2155 1917 2223 1969 qui
2269 1918 2285 1967 (
2315 1915 2405 1954 Lib.
2428 1915 2460 1954 I.

1340 1972 1446 2008 Dial.
1476 1985 1564 2023 cap.
1592 1986 1652 2010 12.
1683 1972 1698 2020 )
1731 1972 1902 2009 Paulum
1933 1971 2188 2024 Apostolum,
2218 1969 2337 2007 Petro
2357 1968 2462 2018 Apo·

1340 2023 1532 2060 stolorum
1559 2028 1689 2074 primo
1719 2028 1760 2060 in
1789 2029 2015 2073 principatu
2044 2023 2258 2071 apostolico
2274 2020 2464 2073 fratrem

1340 2089 1419 2113 esse
1435 2105 1445 2124 ,
1477 2077 1557 2113 sine
1579 2076 1698 2114 dubio
1719 2075 1909 2114 affirmat:
1939 2076 1972 2111 δι
1989 2075 2030 2112 S.
2047 2075 2274 2113 Ambrosius
2297 2077 2311 2125 (
2334 2075 2464 2116 Senn,

1341 2129 1371 2166 I.
1403 2129 1417 2176 )
1448 2127 1640 2177 Petrum,
1683 2129 1732 2168 ὅ)
1762 2128 1936 2165 Paulum
1966 2132 2163 2179 principes
2193 2127 2461 2167 Sacertlotum

1338 2180 1466 2227 locat,
1495 2181 1530 2217 δι
1561 2184 1601 2220 in
1630 2180 1836 2219 comment.
1867 2181 1915 2218 ad
1934 2181 2097 2232 Cap.11.
2125 2182 2234 2232 epist.
2265 2182 2311 2219 ad
2334 2183 2464 2221 Galat.

1339 2234 1550 2272 Primatus
1578 2239 1760 2288 gratiam
1791 2233 1925 2272 Paulo.
1947 2247 2186 2272 concessam
2214 2235 2333 2283 dicit,
2363 2239 2467 2274 sicut

1339 2289 1388 2330 ὠ
1418 2288 1535 2327 Petro
1553 2315 1563 2327 .
1621 2288 1750 2328 Sanct.
1795 2297 1924 2326 autem
1968 2287 2168 2327 Maximus
2212 2287 2464 2328 Taurinensis

1341 2346 1356 2395 (
1389 2343 1567 2382 Sermon.
1589 2343 1640 2382 V.
1670 2345 1709 2381 in
1730 2342 1842 2381 Festo
1862 2342 2134 2394 Apostolorum
2165 2341 2181 2391 )
2211 2341 2364 2379 Petrum
2387 2373 2399 2390 ,
2428 2342 2464 2381 &

1338 2397 1503 2436 Paulum
1535 2397 1707 2450 appellat
1727 2396 1933 2448 Principes
1954 2395 2263 2444 Ecclesiarum,
2292 2396 2340 2436 ἔθ’
2358 2395 2467 2449 fidei

1343 2450 1613 2490 Christianae.
1661 2452 1743 2490 Iino
1772 2464 1817 2488 ex
1846 2451 1939 2503 ipsis
1967 2451 2130 2488 eandem
2173 2449 2346 2502 phrasim
2377 2463 2463 2487 mu-

1339 2515 1463 2544 tuasse
1493 2506 1642 2545 videtur
1662 2504 1836 2544 Ecclesia
1854 2535 1865 2554 ,
1894 2505 1989 2543 dum
2020 2506 2060 2543 in
2090 2517 2224 2542 eorum
2252 2503 2383 2541 officio
2401 2516 2464 2543 eos

1340 2569 1453 2599 vocat>
1489 2560 1651 2613 gloriosi
1680 2558 1887 2610 Principes
1916 2567 2063 2597 terrae.
2111 2557 2289 2610 Denique
2326 2557 2464 2596 Beatus

1340 2613 1471 2652 Petrus
1502 2614 1689 2653 Damiani
1719 2616 1734 2666 (
1764 2614 1908 2666 Opusc.
1929 2611 2102 2651 XXXV.
2139 2625 2225 2664 cap.
2246 2610 2286 2657 4.
2318 2610 2334 2660 )
2364 2609 2463 2650 Pau.-

1338 2668 1423 2706 lum
1465 2667 1590 2706 solum
1620 2666 1806 2707 Ecclesiae
1855 2675 1972 2719 caput
2014 2667 2238 2705 constituere
2281 2665 2462 2703 videtur:

1340 2721 1446 2760 Hoec
1476 2725 1620 2775 igitur,
1651 2723 1802 2774 inquit,
1832 2730 1890 2759 est
1920 2733 2075 2769 causa,
2106 2732 2176 2757 cur
2196 2718 2346 2757 Paulus
2375 2719 2463 2757 nul-

1343 2777 1430 2815 lam
1459 2777 1686 2827 specialiter
1705 2774 1946 2813 cathedram
1975 2783 2135 2822 teneat,
2166 2777 2259 2823 quia
2291 2775 2306 2824 (
2336 2777 2370 2810 si
2390 2786 2463 2811 au-

1344 2831 1486 2869 demus
1507 2834 1677 2869 summis
1697 2834 1857 2868 minora
1878 2827 2064 2881 conferre
2096 2828 2109 2876 )
2126 2826 2181 2865 ad
2200 2831 2330 2864 instar
2353 2825 2462 2864 Clzri-

1343 2889 1393 2924 sti
1424 2889 1438 2937 (
1469 2886 1578 2923 salvo
1608 2894 1834 2923 ceterorum
1852 2882 2131 2935 Apostolorum
2145 2883 2238 2935 jure
2267 2881 2282 2931 )
2314 2880 2464 2920 ridetur

1343 2937 1525 2977 omnibus
1553 2938 1768 2991 praesitlere
1784 2966 1795 2977 .

1400 2995 1465 3033 50.
1497 2992 1610 3045 Resp.
1640 2993 1689 3032 ad
1718 2994 1892 3045 primum
1911 3017 1921 3030 .
1958 2991 2127 3031 Etiamsi
2158 2989 2428 3029 concederetur
2447 3018 2469 3042 ι

1344 3047 1509 3086 Paulum
1539 3046 1657 3085 simul
1686 3061 1776 3085 cun]
1807 3045 1916 3084 Petro
1936 3045 2121 3085 Romanae
2151 3044 2337 3083 Ecclesiae
2367 3042 2462 3095 Epi.-

1343 3116 1505 3155 scopum
1536 3103 1681 3149 fuisse,
1708 3113 1941 3154 consequens
1962 3109 2090 3138 tamen
2118 3112 2194 3138 uon
2216 3098 2311 3137 foret
2328 3127 2339 3145 ,
2370 3097 2463 3133 utri-

1343 3170 1420 3210 que
1440 3170 1574 3209 parem
1604 3156 1720 3193 fuisse
1741 3154 1922 3193 collatam
1954 3155 2202 3206 dignitatem:
2233 3153 2327 3190 sicut
2357 3150 2462 3187 enim

1344 3210 1475 3263 plures
1503 3218 1611 3248 erant
1631 3207 1746 3247 simul
1777 3223 1867 3247 cum
1882 3208 1990 3247 Petro
2015 3205 2209 3260 Apostoli,
2241 3203 2273 3239 8<
2303 3204 2472 3257 quidem.

1345 3267 1386 3303 in
1430 3263 1637 3318 apostolica
1666 3263 1886 3302 auctoritate
1930 3275 2065 3314 pareS,
2114 3260 2302 3297 Pritnatus
2332 3266 2460 3295 autem

1345 3319 1602 3372 praerogativa
1630 3316 1689 3355 illi
1720 3318 1946 3364 inferiores,
1995 3317 2046 3354 ita
2076 3313 2236 3351 minime
2273 3325 2462 3364 repugna-

1346 3382 1430 3425 ret,
1467 3371 1633 3414 Paulum
1660 3372 1777 3413 fuisse
1805 3370 1990 3414 Ecclesiae
2020 3366 2206 3409 Romanae
2236 3365 2460 3414 Pastorem„

2376 3418 2412 3458 ὃς
