2564 3706
764 104 847 156 DE
880 105 1209 157 ECGLESIAE
1242 101 1666 159 SANCTITA‘EE.

82 203 154 248 per
181 192 419 235 calumniam
446 187 558 231 nobis
585 189 776 244 imputant
806 191 871 245 (a)
889 219 900 231 .
948 193 1034 241 Qua
1070 192 1198 231 diver-

82 260 124 287 sa
141 279 152 298 ‚
183 249 216 286 8<
246 245 405 287 subdola
434 245 570 297 agendi
591 247 733 284 ratione
763 260 849 285 suas
867 247 1124 285 accusationes
1144 255 1197 285 te-

85 302 298 348 merarias,
328 298 361 336 ἃ
392 299 614 339 falsas'esse
632 330 643 348 ,
672 301 761 338 satis
790 299 1016 339 ostendunt.

141 354 234 399 504.
262 352 419 392 Frustra
462 354 577 392 etiam
620 353 788 406 privatas
823 355 1082 407 quorumdam
1111 353 1195 406 opi-
1250 376 1261 386 ·

83 409 216 446 niones
258 406 366 445 nohis
407 405 622 456 objiciunt,
670 421 763 459 quas
792 406 966 446 Ecclesia
996 412 1195 460 nunquam

81 456 285 507 definivit3
323 461 402 498 imo
429 473 595 513 quarum
625 460 826 499 nonnullas
855 462 1114 500 tantummodo
1143 470 1198 498 to-

81 512 208 564 lerat,
250 526 324 552 nou
353 514 566 567 approbat.
615 513 667 552 Ut
695 523 823 552 autem
852 516 922 552 rite
952 515 1199 553 concludere-

78 566 172 617 ¹tur,
203 567 450 620 depravatam
479 581 556 605 esse
584 569 624 606 in
655 567 829 606 Ecclesia
861 566 1031 606 Romana
1060 568 1198 606 doctri-

84 622 176 659 nam
207 634 359 660 morum
377 650 388 668 ,
418 633 567 659 necesse
597 622 693 660 foret
721 621 871 674 aliquas
900 620 981 673 ejus
1010 622 1201 660 definitio-

83 685 178 723 nes,
225 683 290 713 aut
319 683 510 726 praecepta
540 675 579 712 in
611 675 782 713 medium
812 673 976 724 afferre,
1019 688 1107 729 quae
1137 675 1202 713 do-

83 730 219 767 ctrinae
238 727 381 766 Christi
402 729 614 766 certissime
643 738 951 781 opponerentur;
981 730 1086 782 quod
1107 742 1202 767 nou-

82 781 177 820 dum
207 781 352 819 factum
382 790 462 829 est,
492 795 560 820 nec
582 782 667 820 fieri
697 795 825 834 posse,
856 791 957 820 certo
985 783 1200 820 credimus.

139 834 232 874 3‘05.
262 834 364 883 Quae
393 835 499 873 enim
528 835 714 875 Ecclesiae
757 844 896 874 nostrae
939 835 1116 887 dogmata
1152 834 1202 874 ab

82 887 130 926 iis
158 901 318 927 erronea
345 898 558 938 vocantur,
595 905 617 929 a
646 890 782 928 nostris
812 887 1018 941 Theologis
1048 889 1203 928 suerunt

80 942 228 981 invicte
242 972 254 990 ,
284 951 324 980 ut
344 951 482 981 sanctae
500 973 510 991 ,
540 944 711 996 antiquae
728 973 739 990 ,
769 941 1043 980 &universali
1064 942 1202 980 Eccle-

81 995 150 1033 siae
178 996 374 1035 traditioni
404 997 643 1045 conformia,
691 995 883 1035 vindicata
901 1019 912 1031 .
960 994 1200 1045 Exemplum

80 1050 129 1086 sit
157 1049 198 1087 in
228 1048 335 1088 cultu
364 1049 593 1088 Sanctorum
611 1079 622 1096 ,
671 1049 712 1086 in
743 1048 985 1085 veneratione
1014 1046 1200 1099 reliquia·-

81 1113 169 1140 rum
188 1133 199 1151 ‚
229 1102 264 1140 8(
293 1116 488 1141 sacrarum
518 1102 734 1152 imaginum
752 1130 763 1148 ,
791 1099 834 1138 in
861 1099 1101 1138 orationibus
1129 1114 1201 1152 pro

79 1156 288 1208 animabus
316 1156 582 1193 defunctorum
600 1183 612 1202 ,
661 1153 841 1205 aliisque
870 1151 987 1204 hujus
1015 1155 1166 1205 generis
1187 1184 1199 1203 ,

79 1222 171 1262 quae
200 1217 241 1246 nt
268 1208 546 1261 superstitionis
573 1206 689 1260 plena
719 1207 940 1245 Adversarii
969 1206 1200 1260 explodunt.

81 1262 239 1300 Interim
288 1269 415 1300 tamen
443 1262 564 1300 nimia
606 1262 662 1299 rei
691 1261 886 1300 evidentia
928 1262 1049 1299 coacti
1087 1261 1201 1300 fateri

77 1314 249 1363 debent,
277 1313 363 1353 haec
392 1316 526 1354 omnia
555 1315 670 1353 fuisse
698 1315 924 1353 communia
953 1315 994 1352 in
1024 1314 1202 1353 Ecclesia

79 1376 160 1406 tam
189 1367 346 1418 Latina,
375 1382 496 1421 quam
517 1369 657 1407 Graeca
673 1398 684 1417 ,
713 1370 831 1407 etiam
852 1367 1088 1421 temporibus
1109 1368 1203 1407 San-

80 1429 232 1460 ctorum
261 1421 485 1471 Ambrosii,
533 1421 764 1474 Augustini,
813 1423 1042 1475 Hieronymi
1061 1453 1081 1471 ,¹
1102 1422 1206 1462 Basi-

81 1473 157 1523 lii,
203 1474 488 1528 Chrysostomi,
532 1475 777 1529 aliorumque
806 1474 963 1514 Patrum
982 1506 992 1524 ,
1022 1475 1090 1528 qui
1120 1490 1206 1515 san·

80 1529 244 1567 etissimi
262 1558 272 1576 ‚
309 1529 344 1566 ἃ
374 1529 582 1568 doctissimi
611 1529 661 1569 ab
689 1529 872 1568 omnibus
901 1543 1051 1582 semper
1080 1529 1203 1569 habiti

83 1591 196 1620 siu-it.
245 1581 318 1620 Vel
348 1582 387 1621 id
415 1582 568 1631 solum,
617 1584 648 1622 si
678 1593 802 1622 cetera
831 1584 948 1621 etiam
981 1593 1205 1635 argumenta

82 1635 280 1684 deessent,
311 1636 463 1676 abunde
492 1635 684 1676 sufficeret
713 1637 765 1677 ad.
789 1637 1062 1675 ostendendum
1080 1668 1090 1688 ,
1121 1652 1205 1676 san-

85 1697 189 1728 ctam
209 1702 288 1727 esse
316 1690 357 1728 in
388 1688 611 1740 hujusmodi
632 1689 876 1741 dogmatibus
896 1685 1206 1729 doctrinam'Ec-

82 1741 212 1781 clesiae
233 1741 470 1788 Catholicae3
501 1743 613 1783 illam
643 1743 790 1783 scilicet
810 1744 1028 1783 doctrinam
1047 1775 1057 1792 ,
1089 1759 1207 1798 quam

83 1796 159 1835 viri
175 1796 426 1845 sanctissimi,
444 1796 489 1834 ’ἃ
505 1795 710 1835 doctissimi
728 1798 884 1850 professi
901 1807 1008 1847 sunt,
1039 1799 1072 1835 8<
1089 1813 1208 1851 quam

82 1864 109 1888 a
138 1851 216 1891 suis
236 1848 449 1901 majoribus
479 1859 677 1904 acceptam
706 1852 864 1904 posteris
894 1852 1162 1905 reliquerunt.

143 1901 237 1941 506.
266 1901 316 1940 Et
336 1903 493 1955 quidem
511 1933 522 1953 ,
552 1913 593 1942 ut
612 1906 736 1942 omnis
757 1905 962 1957 scrupulus
982 1907 1028 1943 de
1050 1907 1207 1945 istorum

86 1954 245 1995 Patrum
273 1955 500 1996 orthodoxia
519 1959 737 2006 eximatur,
767 1958 910 1997 sufficit
937 1960 1205 2008 considerare,

86 2017 150 2047 'eos
179 2022 367 2057 summae,
396 2010 431 2047 ἆ
451 2013 648 2061 praestanti
677 2025 809 2049 rerum
838 2025 1035 2049 sacrarum
1064 2013 1207 2050 doctri-

85 2075 153 2100 nae
169 2091 183 2110 ,
209 2063 395 2100 eximiam
423 2064 541 2101 etiam
562 2062 808 2114 conjunxisse
826 2063 1008 2114 pietatem
1027 2092 1038 2112 ,
1068 2064 1102 2100 8<
1123 2078 1209 2104 san-

87 2117 257 2156 ctitatem
273 2144 285 2164 ,
314 2123 356 2154 ut
383 2128 452 2154 nec
473 2114 591 2162 facile
618 2117 659 2154 in
689 2115 803 2155 rebus
819 2117 910 2155 tanti
938 2119 1126 2156 momenti
1146 2119 1212 2155 de-

88 2170 170 2224 cipi
198 2177 376 2224 possent,
417 2182 489 2209 nec
517 2168 600 2208 ullo
626 2169 743 2207 modo
770 2170 960 2221 suspicari
988 2171 1178 2222 possimus
1199 2199 1211 2221 ,

135 2335 187 2374 (a)
214 2332 398 2381 Specimen
435 2329 564 2366 harum
599 2329 861 2367 calumniarum
894 2329 1060 2368 exhibere
1096 2341 1211 2380 potest

90 2377 193 2413 ssoan.
219 2378 423 2414 Gerhardus
438 2400 450 2420 ‚
476 2379 537 2423 qui
565 2379 600 2412 in
615 2379 721 2413 Locis
747 2381 855 2414 theol.
871 2381 963 2414 Loco
982 2382 1115 2421 XXllI.
1136 2395 1211 2428 cap.

87 2427 134 2459 ss.
162 2429 193 2468 ς.
221 2427 302 2460 251.
338 2428 368 2458 δι
394 2437 467 2471 seq.
494 2437 701 2460 enumerans
735 2434 905 2471 peccata,
946 2441 1012 2472 ‹711ae
1038 2428 1210 2463 Ecclesiae

87 2470 245 2506 Romana
262 2474 417 2506 ‹loffrina
430 2472 535 2517 fovet
548 2494 559 2513 ‚
584 2471 691 2507 dicit:
720 2481 839 2508 contra
855 2478 997 2518 primum
1010 2486 1209 2520 pracepttun

90 2527 216 2563 regnae
240 2523 276 2552 in
300 2527 425 2563 papatu
449 2532 479 2553 ι.
504 2519 719 2560 ατῆεἰεηιιιε,
742 2530 809 2554 non
823 2521 957 2564 quidem
975 2523 1181 2567 manifestus
1196 2545 1207 2566 ,

89 2566 155 2600 sed
178 2568 332 2600 occultus
417 2577 449 2598 2.
476 2567 704 2606 idololatria,
728 2578 829 2610 eaque
852 2569 1034 2611 multiplex
1119 2571 1209 2604 Con-

90 2619 147 2646 tra
167 2622 198 2644 2.
223 2619 421 2657 praeceptum
445 2621 567 2657 regnat
592 2616 628 2646 in
645 2621 769 2657 papatu
791 2625 821 2646 ι.
843 2617 978 2657 magia,
1003 2628 1106 2661 eaque
1122 2621 1208 2652 mul-

88 2659 202 2702 tiplex
217 2673 228 2691 :
254 2664 347 2705 viget
370 2663 460 2692 enim
471 2662 551 2694 illic
567 2672 690 2704 magna
704 2661 897 2694 divinatrix
910 2661 1126 2704 μετευτικὶί,
1145 2677 1207 2710 qua

89 2707 266 2740 revelante
291 2707 429 2742 diabolo
453 2719 510 2740 res
525 2706 654 2750 futurae
673 2727 684 2747 ,
711 2711 752 2739 <9⁶
776 2709 914 2741 occultae
933 2719 1205 2753 cognoscuntur·

90 2750 270 2796 Responsa
294 2760 463 2798 (primunt,
490 2757 532 2786 (9·
557 2756 733 2797 accipiunt
757 2766 778 2787 a
804 2759 945 2788 statutis
960 2776 971 2796 ‚
998 2768 1078 2800 quas
1097 2761 1205 2791 certis

64 2798 70 2809 ’
91 2802 222 2832 ,ςαηῐῖἱε
239 2801 428 2834 attribuunt
442 2823 450 2831 .
478 2800 654 2834 Silvester
670 2799 716 2832 II.
743 2800 860 2834 habuit
876 2801 1031 2846 figuram
1047 2807 1129 2837 aenei
1149 2817 1209 2838 ca-

90 2849 180 2889 pitis
196 2867 208 2887 ‚
234 2848 322 2890 quod
347 2851 459 2880 instar
484 2848 616 2880 oraculi
642 2849 677 2880 in
702 2847 819 2880 dubiis
837 2853 989 2893 negotiis
1017 2853 1207 2893 consuluit.

92 2890 384 2940 Gregorius'sVH.
410 2893 672 2928 Hildebrandus
698 2895 807 2928 ditius
823 2916 834 2936 ,
860 2908 903 2928 etc
922 2908 1007 2939 pane
1026 2909 1210 2931 consecra-

93 2945 129 2972 to
155 2947 274 2974 contra
299 2939 541 2984 Imperatorem
564 2942 797 2974 aduersarium
823 2955 912 2985 suum
932 2956 1097 2987 responsa
1124 2958 1208 2989 (χιιι-

93 2987 180 3018 sivit
193 3007 203 3025 ‚
229 2998 295 3030 quae
319 2998 392 3019 cum
417 2988 601 3031 aliquando
617 2999 681 3019 non
700 2989 926 3022 redderentur
941 3011 952 3031 ,
978 2994 1013 3023 in
1033 2993 1210 3033 ignem'il·

93 3032 162 3066 lum
186 3032 360 3080 conjecit.
398 3033 606 3066 Alexander
631 3031 690 3065 Vl.
730 3038 827 3078 epoto
851 3048 911 3080 per
936 3049 1085 3069 errorem
1113 3051 1211 3072 «renen

91 3079 163 3120 rio,
189 3079 276 3124 quod
301 3091 344 3112 ex
372 3082 484 3122 ipsius
503 3079 606 3125 jussu
631 3083 850 3124 optimatibus
876 3075 1071 3128 quibusdam
1092 3089 1207 3129 propi-

94 3125 241 3172 nandum
265 3133 365 3166 erat5
391 3125 572 3159 lethaliter
597 3135 790 3171 agrotans,
812 3132 1007 3163 ministrum
1025 3130 1210 3174 Modenatn

95 3173 132 3204 in
157 3173 317 3206 conclaue
345 3185 436 3205 suum
473 3176 642 3206 secretius
669 3177 792 3214 misit,
824 3185 865 3219 ‘ut
893 3177 1043 3211 libellum.
1067 3179 1214 3212 ‹lectura-

96 3224 164 3250 tam
182 3222 254 3258 ,·1·n
278 3232 340 3264 quo
365 3222 479 3262 magia
504 3223 701 3264 conscripta
726 3230 826 3262 erat,
861 3224 1044 3266 adferret,
1080 3238 1140 3268 quo
1169 3227 1213 3259 cle

90 3263 172 3308 fine
197 3267 269 3298 oicae
295 3279 357 3299 suae
381 3267 573 3299 consuleret
591 3265 700 3299 Deum
726 3280 816 3300 suum
832 3291 840 3300 .
866 3269 1038 3311 M‘nister
1062 3271 1212 3312 offendit

99 3317 253 3343 satanam
276 3314 450 3348 sedentem
477 3316 512 3345 in
530 3312 720 3356 Pontificia
745 3315 854 3359 sedet,
880 3316 996 3350 habitu
1013 3318 1212 3361 pontificali

100 3357 280 3399 indutum,
306 3369 347 3392 ac
372 3359 560 3396 dicentem:
588 3372 651 3405 ego
678 3372 747 3394 sum
771 3359 888 3406 Papa·
914 3362 1021 3400 Pudet
1048 3365 1211 3410 prosequi

2229 117 2317 176 223

1264 206 1326 232 eos
1353 190 1516 231 voluisse
1536 206 1601 230 nos
1621 194 1797 247 decipere
1813 222 1823 235 .
1853 195 1964 238 Unde
1983 198 2099 239 etiam
2130 194 2275 237 factum
2296 206 2372 248 est,

1264 256 1305 284 ut
1333 254 1407 285 tota
1437 248 1632 308 posteritas
1658 260 1720 284 eos
1748 259 1932 302 tanquam
1974 254 2169 306 magistros
2186 281 2196 301 ,
2242 252 2279 289 δε
2307 252 2374 291 do-

1264 309 1383 339 ctores
1412 310 1549 346 merito
1577 309 1623 338 stt
1652 312 1858 353 venerata.

1319 354 1410 406 507.
1441 353 1555 392 Prob.
1584 353 1700 392 altera
1730 369 1845 407 pars,
1891 359 2034 397 scilicet
2064 361 2103 399 in
2144 367 2271 399 nostra
2299 357 2375 398 Ee-

1264 405 1379 447 clesia
1421 407 1551 460 plures
1593 421 1743 461 semper
1773 408 1944 447 floruisse
1987 414 2140 465 insignis
2169 414 2378 452 sanctitatis

1267 462 1394 501 viros.
1441 460 1490 500 Et
1519 461 1647 514 primo
1687 463 1846 514 quidem
1876 463 1924 500 ad
1968 475 2129 503 nostram
2158 467 2375 505 Ecclesiam

1267 516 1455 568 pertinent
1483 529 1614 554 omnes
1642 514 1702 554 illi
1733 515 1926 568 Martyres
1945 547 1954 564 ‚
1984 519 2217 556 consessores
2234 549 2244 567 ,
2276 520 2377 558 Aua-

1267 568 1432 606 choretae
1451 600 1461 618 ,
1492 568 1720 608 Poenitentes
1736 600 1746 619 ‚
1775 570 1809 606 ἃ
1831 570 2008 622 Virgines
2025 600 2035 618 ,
2064 583 2158 623 quos
2180 574 2304 623 prima
2325 586 2403 609 as·-

1270 630 1325 660 tas
1355 621 1466 669 tulit3
1497 636 1586 661 cum
1617 625 1720 662 enim
1751 633 1876 662 nostra
1906 623 2081 662 Ecclesia
2110 625 2242 661 eadem
2273 637 2382 676 pror-

1270 689 1329 713 sus
1359 677 1406 714 sit
1434 690 1526 715 cum
1556 676 1626 715 illa
1655 679 1806 726 veteri,
1853 679 1894 716 in
1923 691 2001 731 qua
2042 676 2103 716 illi
2137 676 2349 715 floruerunt
2370 708 2380 726 ,

1270 728 1355 781 j'ure
1365 731 1610 769 successionis
1619 731 1769 769 eosdem
1780 730 2106 783 nobisjustissime
2120 730 2361 769 vindicamus
2373 756 2382 768 .

1290 790 1294 796 ‘
1326 784 1420 822 508.
1450 784 1525 822 Sed
1555 798 1603 823 ne
1631 786 1881 824 contentionis
1910 786 2013 825 funis
2056 785 2128 824 hac
2157 785 2203 822 de
2233 797 2272 822 re
2302 783 2386 823 lon-

1271 836 1356 888 gius
1383 837 1569 887 ducatur,
1599 840 1714 877 etiam
1745 840 1792 878 iis
1811 841 1961 879 omissis
1979 870 1988 888 ‚
2012 841 2106 893 satis
2126 838 2289 891 probant
2317 851 2386 875 no-

1269 899 1356 928 strae
1386 890 1572 930 Ecclesiae
1601 894 1833 931 sanctitatem
1865 893 1924 932 vel
1955 895 1982 931 ii
2012 893 2082 932 soli
2111 893 2269 941 Sancti,
2316 893 2385 944 qui

1270 958 1292 982 a
1322 944 1475 982 Saeculo
1504 946 1574 984 IV.
1605 948 1620 997 (
1652 947 1806 998 quando
1835 947 1981 986 scilicet
2010 946 2225 986 Ecclesiam
2256 960 2278 983 a
2307 946 2388 998 pri-

1268 1010 1411 1051 maeva·
1438 1000 1634 1037 sanctitate
1675 1001 1876 1042 descivisse
1909 1001 2128 1040 Adversarii
2170 999 2340 1044 clamant
2369 998 2387 1047 )

1269 1064 1392 1103 usque
1422 1052 1469 1090 ad
1498 1061 1625 1090 nostra
1654 1061 1828 1104 tempora
1871 1054 2035 1093 heroicis
2065 1054 2270 1094 virtutibus
2299 1065 2387 1104 pro-

1269 1105 1398 1143 meriti
1429 1113 1539 1154 sunt,
1570 1114 1609 1142 ut
1639 1106 1798 1157 publico
1818 1107 1941 1145 cultui
1971 1115 2277 1160 exponerentur.
2308 1105 2387 1143 Ta-

1268 1157 1323 1196 les
1352 1158 1509 1196 fuerunt
1538 1159 1634 1196 inter
1664 1158 1800 1196 multos
1829 1160 1923 1198 alios
1953 1161 2205 1208 Ambrosius,
2251 1159 2386 1197 Hiero-

1267 1225 1434 1265 nymus,
1465 1212 1719 1264 Augustinus,
1749 1212 1826 1251 Leo
1844 1212 2030 1264 Magnus,
2053 1214 2247 1260 Hilarius,
2278 1211 2387 1250 Mar·

1270 1267 1400 1314 tinus,
1429 1265 1747 1317 Chrysostomus,
1777 1266 1967 1316 Basilius,
1997 1267 2074 1305 duo
2093 1266 2270 1318 Gregorii
2291 1265 2388 1318 Nys-

1271 1332 1380 1357 senus
1399 1349 1409 1367 ,
1439 1319 1473 1355 &
1502 1319 1764 1358 Nazianzenus
1782 1350 1792 1368 ,
1815 1321 2040 1371 ·Gregorius
2069 1321 2161 1359 item
2192 1319 2360 1371 Magnus
2380 1347 2392 1366 ‚

1273 1372 1498 1425 Fulgentius
1515 1403 1524 1421 ,
1554 1372 1700 1425 aliique
1717 1403 1728 1422 ,
1758 1385 1852 1426 quos
1868 1373 2043 1412 Ecclesia
2059 1404 2071 1423 ,
2102 1382 2301 1412 utsanctos
2321 1371 2393 1411 Pa-

1272 1435 1374 1475 tres,
1405 1428 1541 1465 merito
1570 1435 1771 1471 veneratur
1800 1427 1857 1478 (b)
1876 1452 1886 1464 .

1329 1480 1422 1532 509.
1453 1481 1526 1519 Sed
1555 1479 1589 1517 8<
1619 1479 1733 1518 multi
1761 1479 1827 1520 alii
1858 1495 1935 1519 sese
1975 1478 2167 1528 offerunt,
2214 1479 2283 1533 qui
2313 1489 2393 1530 pro

1272 1534 1508 1572 defendenda
1536 1546 1625 1572 vera
1653 1534 1794 1572 Christi
1823 1535 2022 1573 divinitate
2051 1535 2121 1573 sub
2141 1533 2387 1580 Constantio,

1273 1587 1309 1624 8<
1339 1587 1497 1626 Valente
1526 1588 1826 1640 Imperatoribus
1844 1619 1854 1636 ‚
1898 1588 1932 1624 8<
1962 1588 2032 1627 sub
2063 1589 2217 1627 Arianis
2246 1585 2393 1625 Gotho·

1275 1654 1363 1679 rum
1382 1672 1392 1689 ,
1421 1641 1456 1678 &
1485 1640 1775 1689 Wandalorum
1807 1641 1972 1693 Regibus
2001 1643 2179 1695 martyrii
2210 1651 2392 1679 coronam

1279 1695 1409 1747 adepti
1441 1704 1553 1742 sunt3
1602 1704 1695 1734 tum·
1713 1694 1773 1734 illi
1792 1727 1802 1744 ‚
1832 1698 1901 1749 qui
1930 1697 1969 1734 in
2001 1695 2089 1734 aliis
2118 1694 2394 1749 persecutioni-

1276 1748 1349 1786 bus
1379 1764 1401 1788 ει
1429 1748 1744 1797 Mahumetanisi,
1793 1748 1842 1788 ab
1873 1749 2119 1797 infidelibus,
2159 1749 2192 1785 &
2222 1748 2271 1786 ab
2302 1748 2393 1786 Hae-

1276 1804 1405 1841 reticis
1435 1804 1472 1841 in
1502 1804 1620 1842 variis
1648 1803 1911 1856 occasionibus
1939 1804 2026 1841 odio
2045 1803 2274 1841 Christianae
2304 1799 2395 1839 reli·

1276 1856 1426 1908 gionis,
1456 1855 1516 1895 vel
1546 1856 1765 1895 orthodoxae
1786 1858 1969 1895 doctrinae
1987 1887 1996 1905 ‚
2057 1870 2144 1895 uam
2174 1855 2395 1894 constantisae

1276 1911 1372 1947 sime
1400 1909 1676 1957 defenderunt,
1708 1911 1746 1948 in
1776 1910 1908 1948 multis
1941 1871 2076 1948 ιηιιηᾛί
2107 1909 2279 1962 partibus
2308 1920 2395 1945 cru·

1273 1962 1409 1999 delitet·
1436 1964 1553 2000 occisi
1583 1972 1694 2000 suut.

1333 2014 1427 2052 510.
1448 2015 1558 2053 .Addi
1587 2014 1645 2053 his
1674 2014 1816 2054 debent
1843 2023 1894 2054 tot
1922 2014 2085 2070 inclyti,
2133 2013 2168 2053 8c
2199 2012 2395 2054 fortissimi

1279 2065 1542 2106 Ecclesiarum
1574 2069 1820 2118 fundatores,
1851 2070 1884 2105 8(
1913 2068 2108 2118 Pastores,
2151 2080 2191 2106 ut
2220 2068 2399 2120 Augusti-

1279 2134 1376 2166 nus,
1426 2119 1460 2156 8<
1488 2120 1557 2159 alii
1587 2121 1800 2172 Anglorum
1830 2122 2027 2174 Apostoli,
2076 2123 2324 2168 Bonifacius,
2362 2119 2397 2156 Sc

1281 2171 1569 2223 Willibaldus,
1605 2187 1774 2226 quorum
1802 2176 1872 2214 iste
1900 2176 1942 2214 in
1971 2175 2123 2225 Frisia,
2172 2175 2240 2214 ille
2268 2183 2397 2213 autem

1426 2250 1430 2253 »
2299 2240 2342 2266 111

1279 2334 1517 2381 ineptissimas
1544 2333 1607 2371 has
1635 2336 1857 2381 calumnias,
1881 2352 1969 2386 quas
1994 2339 2051 2375 vir
2077 2336 2167 2386 apud
2193 2336 2395 2370 Protestan-

1278 2391 1331 2417 tes
1359 2384 1476 2428 magni
1504 2386 1654 2418 nominis
1679 2387 1734 2419 Jo.
1759 2386 1962 2422 Gerhardus
1981 2388 2146 2422 Ecclesiae
2173 2391 2300 2418 nostrae
2327 2382 2394 2413 lm·

1277 2430 1421 2476 pingere
1448 2442 1516 2464 non
1541 2433 1682 2466 erubuit
1700 2455 1707 2464 .
1749 2433 1839 2478 Ejus
1864 2446 1950 2479 opus
1975 2436 2018 2469 (le
2044 2432 2149 2468 Locis
2176 2432 2280 2465 theol.
2308 2427 2393 2461 XX·

1276 2478 1407 2510 volum·
1436 2478 1469 2510 in
1497 2478 1530 2520 4
1556 2478 1846 2524 comprehensum
1883 2482 2120 2515 recentissime
2154 2476 2310 2522 vulgavit
2335 2474 2391 2507 Jo-

1277 2521 1373 2556 Frid.
1400 2525 1503 2558 Cotta
1531 2525 1704 2570 Tubingae
1723 2527 1826 2571 1767.
1852 2528 1978 2571 1781.,
2005 2540 2044 2562 ac
2070 2527 2111 2560 (le
2137 2526 2212 2571 ipso
2237 2531 2391 2556 asserere

1276 2582 1343 2603 non
1363 2568 1539 2605 dubitavit
1556 2594 1567 2612 ,
1591 2572 1669 2615 pos't
1687 2572 1871 2608 Lutlzerum
1885 2596 1896 2615 ,
1923 2579 1964 2608 Θ·
1983 2576 2211 2608 Cltemnitium
2227 2576 2392 2615 praestan-

1277 2621 1396 2650 tiorem
1422 2618 1664 2652 debellatorem
1690 2619 1858 2654 Ecclesiae
1876 2621 2015 2656 Ro'man.
2035 2621 2213 2656 Donarem
2239 2615 2390 2660 cogitari

1276 2677 1340 2697 non
1364 2676 1466 2707 posse
1482 2687 1489 2696 .
1519 2664 1666 2699 Talibus
1691 2675 1784 2700 certe
1810 2668 1949 2712 ineptiis
1965 2691 1976 2710 ‚
2002 2680 2041 2703 ac
2068 2663 2319 2702 commentitiis
2338 2662 2391 2694 fa-

1274 2709 1368 2744 bulis
1397 2708 1438 2743 de
1465 2712 1592 2744 nostris
1621 2713 1824 2746 Doctoribus
1844 2714 2078 2749 protestantes
2106 2710 2324 2756 triumphare
2353 2717 2389 2740 se

1275 2768 1375 2802 posse
1401 2756 1570 2791 credunt.
1598 2757 1663 2791 Sed
1689 2759 1763 2793 haec
1790 2761 1859 2794 sint
1886 2763 2086 2808 speciminis
2112 2761 2207 2795 loco-
2234 2757 2391 2790 Crimine

1276 2805 1318 2837 ab
1345 2816 1407 2836 uno
1433 2805 1533 2837 disce
1559 2818 1696 2839 omnes.

1329 2851 1375 2888 (b)
1403 2851 1476 2884 Hoc
1502 2861 1749 2896 argumentum
1775 2850 1878 2898 digne
1904 2865 1969 2900 pro
1995 2866 2091 2888 more
2117 2863 2179 2887 suo
2198 2845 2392 2885 illustravit

1278 2897 1312 2929 S.
1340 2897 1557 2941 Augustinus
1584 2899 1618 2931 in
1645 2900 1723 2933 Lib.
1751 2899 1774 2934 s.
1801 2903 1844 2934 de
1869 2903 2018 2936 moribus
2044 2901 2216 2936 Ecclesia
2243 2895 2394 2931 catholi-

1277 2956 1322 2976 cae
1347 2955 1421 2988 cap.
1450 2945 1505 2977 31.
1533 2948 1565 2977 δε
1589 2954 1660 2991 seq.
1690 2947 1793 2980 Tom.
1820 2949 1846 2980 Ι.
1878 2949 1938 2982 uhi
1965 2949 2080 2982 varias
2107 2951 2288 2980 enumerat
2313 2952 2392 2987 per·

1277 2990 1443 3023 fectorum
1469 2990 1753 3026 Christianorum
1779 2994 1905 3028 classes
1922 3008 1932 3027 z
1959 2996 2103 3040 loquens
2133 3001 2250 3028 antem
2276 2985 2317 3021 (le
2343 2988 2392 3038 Es

1277 3037 1430 3082 piscopis
1444 3057 1455 3077 ,
1482 3037 1700 3082 l‘rc‘shyteris
1714 3062 1725 3080 ,
1754 3038 1919 3074 Diaconis
1933 3064 1944 3083 ,
1971 3043 2118 3087 aliisque
2143 3036 2316 3073 ministris
2335 3030 2387 3064 ‹li-

1277 3083 1440 3116 vinorum
1468 3093 1768 3120 sacramentorum
1784 3108 1794 3127 ,
1821 3101 1954 3131 quorum
1980 3093 2087 3122 virtus
2104 3110 2115 3130 ‚
2149 3086 2224 3125 ait,
2261 3092 2299 3115 eo
2325 3083 2388 3111 ’'ll'‘

1282 3131 1428 3164 rabilior
1444 3152 1454 3170 ,
1471 3134 1523 3164 (φ
1547 3132 1676 3177 majore
1700 3137 1947 3177 praedicatione
1972 3137 2115 3180 dignior
2140 3134 2271 3167 uidetur
2286 3148 2296 3168 ²
2329 3136 2390 3169 ‘7²1⁰

1281 3177 1463 3218 difficilius
1489 3186 1567 3218 est,
1604 3191 1677 3212 eam
1703 3184 1738 3213 in
1762 3180 1949 3226 multiplici
1975 3183 2142 3216 hominum
2166 3185 2313 3223 genere)
2347 3173 2389 3203 (Τ

1282 3227 1317 3256 in
1344 3228 1415 3258 ista
1441 3228 1509 3258 vita
1528 3225 1774 3261 turbulentiore
1793 3241 1928 3262 seruare
1942 3242 1955 3267 ,⁵
1981 3243 2045 3263 non
2064 3232 2152 3262 enim
2173 3224 2302 3273 sanatis
2319 3229 2389 3270 mct-

1280 3273 1364 3312 gir,
1390 3284 1483 3315 quam
1508 3273 1675 3306 sanandIs
1700 3273 1890 3309 hominibus
1907 3285 2072 3320 prosunt,
2100 3279 2171 3306 cyc,
2198 3272 2229 3300 &
2255 3278 2288 3319 Π)
2310 3264 2388 3316 Ul?-

1281 3318 1326 3350 de
1353 3321 1465 3351 santia
1490 3322 1660 3362 virginum
1685 3332 1759 3366 cap.
1781 3321 1839 3355 36.
1868 3323 1978 3355 Tomo
1994 3323 2055 3355 VI.
2082 3319 2247 3361 Respice,
2274 3316 2389 3355 ¹¹¹‘I'ffl3

1281 3363 1464 3399 Christum
1483 3365 1661 3411 alloquens
1674 3386 1686 3409 ,
1705 3371 1839 3413 agmina
1857 3372 2021 3414 virginum
2035 3387 2045 3405 ‚
2068 3373 2241 3411 puerorum
2255 3379 2267 3402 ‚
2292 3359 2388 3404 puel-
