2564 3706
757 153 1074 201 APPENDIX
1106 152 1186 198 DE
1221 150 1397 197 CONC.
1431 150 1734 197 TRIDENT.

158 238 249 278 218.
279 237 366 278 Alia
396 233 612 275 eommunis
632 233 928 276 Protestantibus
943 236 1100 290 querela
1130 248 1218 273 con-

101 301 159 332 tra
188 290 580 345 Synodtltn'Pridetit.
611 300 684 339 est,
714 292 815 344 quod
846 290 1018 330 Ecclesia
1046 288 1217 328 Catholi-

100 361 146 386 ca
175 346 292 384 fuerit
321 347 359 383 in
390 359 433 382 ea
463 344 576 382 simul
609 359 697 397 pars
718 375 728 394 ,
759 345 793 381 8<
821 343 966 396 judex3
1009 358 1099 382 nam
1127 356 1217 381 cau-

84 413 140 438 vsa
168 407 251 437 erat
279 397 490 450 judicanda
520 400 620 436 inter
649 398 864 437 Ecclesiam
885 397 1123 437 Catholicam
1141 427 1152 446 ,
1183 397 1217 433 δε

101 452 352 491 Protestantes
370 483 380 501 ,
409 454 476 505 qui
505 465 590 489 eam
612 454 927 505 gravissimorum
958 465 1132 490 errorum
1153 464 1218 489 ac-

97 505 311 555 cusabant,
350 507 592 560 potissimum
623 516 750 544 autem
782 508 880 544 serre
911 518 984 543 non
1015 513 1215 557 poterant,

83 560 225 598 eidem
255 561 412 612 Synodo
453 559 660 611 praesidere
689 560 914 598 Pontificem
947 559 1057 597 Rom.
1087 572 1108 596 a
1138 571 1215 610 quo

96 611 180 665 jam
210 624 318 653 antea
349 616 364 664 (
395 627 534 666 nempe
564 628 584 665 a
614 615 738 652 Leone
760 614 811 652 X.
842 614 856 663 )
891 615 1040 651 fuerant
1075 613 1214 650 conde-

97 669 240 716 mnati,
271 667 304 703 8(
332 677 461 705 contra
490 681 606 719 quem
636 670 837 721 praecipua
867 676 973 706 erant
1003 667 1212 704 accusatio-

98 734 192 759 num
222 723 377 773 capita.
423 721 624 760 Addebant
668 732 882 775 praeterea,
926 735 964 759 se
993 720 1213 758 Concilium

98 773 269 812 liberum
301 788 404 827 saepe
433 774 668 827 postulasse,
711 775 932 814 auctoritate
971 773 1214 826 imperatoris

95 827 344 881 aliorumque
377 828 603 881 Principum
634 829 919 881 colligendum,
950 828 984 864 8:
1013 826 1212 865 celebrau-

83 880 222 929 dum5
252 882 325 920 tale
355 892 481 921 autem
512 895 587 921 non
619 883 733 921 fuisse
764 882 1066 920 Tridentimnn.
1180 891 1184 894 ’

153 948 244 989 219.
274 936 348 976 Sed
379 936 478 976 nihil
508 938 631 988 magis
660 935 848 987 injustum
867 965 878 982 ,
916 948 1034 986 quam
1077 931 1214 984 hujus-

93 989 199 1028 modi
260 991 398 1028 uerelae
419 1022 429 1039 ,
458 1004 547 1043 quae
577 992 607 1027 si
630 989 758 1027 locum
781 987 984 1034 haberent,
1015 985 1122 1024 nulla
1143 998 1214 1022 un-

95 1057 214 1095 quam
230 1005 401 1082 cbaeresis
431 1043 675 1082 condemnari
693 1042 897 1092 potuisset3
927 1052 1080 1090 semper
1108 1040 1213 1076 enim

94 1110 212 1136 causa
254 1099 437 1150 agebatur
479 1098 576 1134 inter
603 1093 819 1134 Ecclesiam
862 1092 1136 1140 Catholicam,
1179 1091 1214 1127 &t

98 1150 325 1190 Novatores:
369 1151 578 1202 eodemque
607 1156 794 1200 praetextu
827 1161 864 1185 se
893 1145 1116 1185 subtrahere
1145 1159 1213 1197 po-

79 1205 250 1241 -tuissent
279 1219 309 1242 -a
350 1202 496 1254 judicio
525 1201 713 1241 Ecclesiae
745 1202 885 1248 Arius,
930 1199 1211 1248 Macedonius,

91 1255 291 1294 Nestorius
307 1286 318 1304 ,
347 1256 385 1293 St·
403 1265 587 1310 quotquot
605 1257 643 1294 in
665 1255 828 1307 Syrio-'lis
851 1254 1102 1293 oecumenicis
1123 1268 1213 1292 con-

81 1309 258 1349 ·demuati
289 1311 395 1348 fuere
413 1337 423 1348 .
452 1311 536 1348 Imo
564 1310 599 1347 &
629 1311 724 1348 inter
747 1311 843 1361 ipsos
866 1307 1105 1347 acatholicos
1134 1320 1212 1346 non

81 1362 201 1401 -aliter
228 1377 286 1401 res
315 1364 482 1402 instituta
512 1365 613 1412 fuit,
652 1365 970 1416 quotiescumque
999 1360 1128 1400 astum
1157 1370 1212 1399 est

82 1417 134 1454 de
157 1415 510 1456 Remonstrantibus
527 1448 537 1466 ,
567 1417 860 1456 Latitudinariis
879 1446 889 1464 ,
921 1416 1211 1469 Independenti-

84 1469 160 1509 bus
179 1500 189 1518 ,
219 1470 383 1523 aliisque
413 1472 714 1510 condemnandis
731 1498 741 1509 .
774 1470 821 1509 Et
841 1471 872 1509 si
894 1469 983 1508 haec
1010 1469 1210 1507 methodus

78 1525 193 1575 apud
215 1524 457 1564 Acatholicos
487 1525 657 1574 obtinet,
688 1534 829 1577 quanto
859 1527 1006 1577 potiore
1037 1522 1122 1575 jure
1141 1523 1211 1561 ob-

87 1578 206 1616 tinere
235 1578 390 1617 debebit
420 1581 459 1617 in
488 1579 664 1618 Ecclesia
693 1577 892 1617 Catholica
913 1609 924 1627 ,
963 1592 1051 1631 quae
1084 1577 1210 1615 firmi-

86 1639 145 1668 ter
159 1632 279 1669 credit
301 1663 310 1680 ,
341 1633 380 1670 in
409 1633 537 1671 medio
556 1632 635 1670 suae
653 1633 952 1683 congregationis
981 1646 1059 1669 esse
1081 1633 1210 1682 ipsum

85 1684 217 1723 Jesum
246 1684 442 1723 Christum
465 1715 476 1734 ,
515 1688 583 1738 qui
613 1685 810 1724 Pastorum
842 1694 1011 1723 mentem
1040 1685 1210 1737 dirigat,

83 1751 135 1776 ne
166 1739 204 1776 in
233 1751 273 1776 re
303 1741 395 1777 tanti
435 1741 619 1778 momenti
649 1754 679 1778 a‘
701 1740 860 1778 veritate
907 1737 1113 1778 aberrent?
1161 1739 1212 1777 Et

38 1814 42 1816 -
77 1799 301 1845 postremo,
339 1804 524 1846 quaenam
553 1792 633 1832 alia
662 1794 735 1831 erit
764 1795 1040 1834 controversias
1070 1793 1210 1832 finien-

76 1845 125 1884 di
156 1845 250 1884 via?

140 1912 232 1937 220.
263 1899 378 1948 Quod
406 1899 553 1939 addunt
581 1909 712 1939 contra
742 1901 883 1940 summi
913 1900 1110 1941 Pontificis
1140 1916 1207 1940 au-

82 1954 333 2001 ctoritatem,
373 1954 488 2006 plane
517 1955 582 1992 toti
612 1956 828 2007 antiquitati
859 1966 1069 2006 repugnat,
1117 1969 1206 2008 quae

78 2017 235 2057 'semper
264 2005 441 2044 Pontifici
461 2007 574 2046 Rom.
604 2008 666 2059 jus
695 2009 928 2046 convocandi
949 2008 1124 2046 concilia
1152 2022 1207 2045 oe-

79 2059 286 2097 cumenica
304 2089 315 2108 ,
354 2061 485 2112 eisque
514 2061 748 2112 praesidendi
777 2061 936 2099 tribuit.
981 2059 1108 2099 Refert
1137 2061 1206 2100 So-

75 2121 203 2150 crates
218 2112 328 2151 Libr.
348 2113 398 2150 11.
421 2112 573 2151 Histor.
594 2112 753 2152 Eccles.
785 2128 871 2166 cap.
894 2113 932 2152 8.
964 2114 1203 2163 Concilium,

78 2166 184 2218 quod
201 2166 386 2219 Episcopi
406 2167 624 2205 Orientales
645 2167 863 2205 Antiochiae
893 2167 1203 2216 celebraverant,

77 2232 125 2256 ex
147 2233 191 2257 eo
205 2222 328 2273 capite
350 2220 559 2259 utnntlum
588 2219 766 2258 habitum
797 2221 912 2258 fuisse
929 2250 939 2268 ,
969 2222 1072 2273 quod
1091 2220 1202 2259 Rom.

80 2271 257 2313 Pontifex
287 2282 358 2313 nec
388 2286 458 2326 per
485 2287 524 2310 se
544 2302 556 2322 ,
585 2286 656 2310 nec
686 2286 753 2325 per
783 2286 868 2311 suos
889 2273 1047 2326 Legatos
1075 2275 1202 2312 eidem

77 2326 322 2377 interfuerit,
365 2339 458 2364 cum
487 2327 766 2364 ecclesiastica
803 2328 945 2378 regula
975 2336 1076 2366 vetet
1096 2358 1107 2376 ,
1151 2341 1203 2366 ne

78 2380 231 2432 absque
273 2393 470 2419 consensu
500 2380 617 2419 Rom.
649 2380 854 2433 pontificis
897 2382 1116 2433 quidquam
1159 2386 1201 2420 in

78 2433 270 2472 Ecclesia
299 2434 561 2473 decernatur.
590 2435 695 2473 Idem
726 2433 839 2474 habet
859 2435 1088 2475 Sozomenus
1108 2436 1199 2475 Lib.

77 2487 146 2526 Ill.
178 2502 266 2540 cap.
293 2502 353 2528 ιο.
396 2488 444 2527 Et
474 2489 587 2527 nimis
616 2487 750 2540 longus
786 2504 932 2538 essem,
976 2491 1007 2528 si
1037 2491 1168 2529 omnia
1187 2521 1197 2539 ,

76 2555 167 2593 quae
199 2541 274 2580 huc
302 2551 496 2595 spectant,
540 2543 779 2594 antiquitatis
808 2553 1055 2582 monumenta
1085 2543 1198 2582 affer-

77 2606 118 2633 re
150 2594 294 2636 vellem
317 2623 327 2636 .
376 2596 424 2634 Et
453 2595 569 2650 plane
592 2595 811 2638 ‚ridiculum
840 2605 919 2635 erat
947 2599 1126 2650 exigere,
1158 2607 1199 2638 ut

75 2748 134 2794 jus
159 2749 335 2784 libertatis
364 2751 398 2784 in
425 2759 497 2784 tota
522 2751 672 2786 Concilii
704 2749 853 2785 historia
880 2751 978 2785 varia
1003 2763 1194 2789 occurrunt

75 2797 258 2842 exempla·
300 2799 331 2831 3.
361 2799 512 2832 Deinum
538 2800 573 2832 in
600 2800 690 2832 Sess.
719 2799 853 2832 XXlV.
892 2811 967 2843 cap.
994 2800 1111 2832 ultim.
1152 2800 1195 2834 ad

75 2842 273 2877 tollendum
298 2856 436 2879 omnem
466 2846 671 2890 scrupulum
711 2846 904 2881 declaravit
941 2850 1054 2879 saneta
1082 2848 1196 2891 Syno-

73 2887 138 2922 dus
155 2911 166 2930 ‚
190 2895 315 2925 mentis
344 2905 406 2926 511ae
431 2905 495 2925 non
512 2893 656 2937 fuisoe,
684 2905 719 2930 ur
743 2907 785 2926 etr
804 2894 974 2936 praeeiiflis
1002 2895 1112 2926 verbis
1139 2908 1195 2927 so-

72 2936 141 2969 lita
165 2942 255 2970 ratio
281 2941 450 2972 tranandi
477 2944 619 2984 negotia
644 2945 680 2975 in
706 2942 926 2987 generalibus
945 2940 1122 2974 Conciliis
1142 2944 1193 2985 iil-

74 2983 111 3015 Ia
135 2995 178 3015 ex
202 2993 301 3026 parte
327 2990 560 3019 itnmutaretar
586 2992 660 3020 &a
688 2989 789 3023 Nihil
816 2996 934 3020 autem
959 2985 1038 3021 ‹lico
1063 2986 1104 3020 de
1131 2988 1193 3021 illo‘

72 3028 172 3062 Pauli
200 3031 302 3075 Sarpi
337 3041 552 3065 scommate:
600 3034 771 3078 Spiritum
799 3035 955 3067 Sannum
979 3034 1086 3067 Romae
1111 3034 1191 3069 Tri-

72 3077 249 3109 dentinnm
275 3081 310 3110 in
338 3083 486 3112 inantia-a
510 3093 530 3113 α
567 3085 763 3117 cursoribus
786 3080 921 3126 deferri
948 3085 1190 3115 consuevisse.

74 3121 201 3172 Raida
228 3125 405 3158 calumnia
429 3133 504 3166 est,
541 3127 596 3160 cui
621 3127 840 3175 detergendae
866 3130 992 3163 sufficit
1019 3140 1100 3163 vera
1124 3129 1191 3162 hu-

71 3179 129 3213 ]ns
155 3171 306 3204 Concilii
332 3175 402 3206 ειᾶα
429 3173 652 3217 persolvere,
679 3178 855 3222 praecipue
882 3185 998 3209 autem
1025 3176 1188 3218 litteras,

69 3225 157 3259 quas
182 3219 217 3250 S.
246 3220 399 3253 Carolus
425 3220 644 3256 Boi-romanis
683 3224 733 3257 Pii
759 3225 819 3258 IV.
856 3234 985 3268 nepos,
1029 3221 1188 3266 ejusdem

71 3260 250 3298 Pontifieis
275 3265 443 3301 mandato
468 3267 609 3311 Legatis
634 3270 812 3305 scribebat
828 3292 836 3301 .
874 3271 943 3303 Suo
967 3269 1079 3303 officio
1106 3271 1188 3303 fun-

71 3309 220 3352 gebatur
244 3312 406 3347 Pontifex
431 3325 471 3346 ea
497 3314 669 3349 mittendo
695 3315 738 3350 ad
767 3318 964 3351 Concilium
980 3338 990 3358 ‚
1016 3328 1094 3361 quae
1115 3325 1188 3351 tra-

73 3357 155 3409 §ari
181 3369 267 3402 opus
293 3371 366 3392 esse
399 3359 609 3403 judicabat,
650 3363 791 3408 plenam
816 3372 935 3398 tamen
959 3364 1123 3399 Patribus
1149 3364 1186 3398 in

73 3411 116 3436 ns
140 3401 347 3442 definiendis
371 3406 575 3445 libertatem
601 3409 821 3457 relinquebat
837 3431 846 3442 ·

2255 168 2333 198 2¹1

1284 232 1457 271 Pontifex
1502 231 1654 283 juribus
1683 234 1741 270 sui
1771 231 1990 282 Primatus,
2034 233 2178 287 quibus
2215 235 2264 273 ab
2294 247 2404 272 exor-

1285 288 1347 326 dio
1377 285 1564 325 Ecclesiae
1597 286 1838 338 potiebatur,
1869 302 1905 325 se
1935 288 2158 338 abdicaret,
2201 288 2294 341 quia
2325 288 2403 327 No-

1285 350 1432 390 vatores
1462 354 1504 378 ea
1534 352 1733 391 agnoscere
1763 341 2014 378 recusabant.

1306 414 1310 418 ·
1344 408 1435 433 221.
1465 393 1662 433 Scholion.
1685 391 1792 431 Male
1812 393 2055 442 Leibnitins,
2086 404 2125 433 ut
2154 409 2402 449 quocumque

1284 448 1439 487 tandem
1470 448 1583 486 modo
1611 448 1835 495 evinceret,
1878 446 2097 486 Concilium
2127 449 2403 489 Tridentinum

1284 503 1501 540 rectractari
1526 515 1658 554 posse,
1687 500 1868 549 dicebat,
1898 499 1962 539 hic
1992 503 2052 552 agi
2073 502 2119 539 de
2149 516 2244 554 puro
2273 504 2400 553 facto,

1285 555 1430 594 scilicet
1460 570 1507 593 an
1538 555 1635 594 illud
1664 553 1882 598 Concilium
1911 553 2131 606 legitimum
2153 585 2164 603 ,
2203 565 2314 609 atque
2344 571 2401 595 οε-

1284 612 1528 648 cumenicutn
1562 609 1707 657 fuerit,
1754 617 1895 647 semota
1937 610 2149 660 quaestione
2186 607 2308 660 juris,
2351 624 2402 649 an

1282 663 1457 702 Concilia
1486 663 1657 715 legitime
1699 662 1891 701 celebrata
1919 662 2150 700 infallibilia
2180 664 2253 700 sint
2276 690 2286 701 .
2332 663 2404 701 Re-

1283 717 1490 769 spondebat
1521 719 1622 755 enim
1653 717 1853 754 Bossuetus
1874 747 1885 765 ,
1914 726 2050 768 negato
2080 715 2150 754 hoc
2182 716 2308 764 facto,
2339 731 2402 755 ne-

1283 772 1446 808 cessario
1465 772 1674 823 consequi,
1704 770 1921 809 Ecclesiam
1939 779 1950 818 ',
1966 784 2054 822 qnae
2075 769 2293 808 Concilium
2312 770 2404 809 Tri-

1283 823 1385 861 dent.
1416 823 1596 863 hactenus
1618 837 1686 876 pro
1708 828 1948 862 oecumenico
1970 823 2126 873 habuit,
2156 822 2317 877 ejusque
2337 824 2402 862 de.-

1283 876 1524 916 finitionihus
1570 887 1784 916 constanter
1827 878 2016 928 adhaesit,
2061 879 2101 917 in
2131 878 2402 930 turpissimum

1282 941 1450 968 errorem
1482 933 1597 970 fuisse
1627 931 1805 984 lapsam.
1854 932 1989 985 Neque
2027 931 2099 971 hoc
2141 931 2293 978 solun13
2337 932 2403 970 sed

1282 996 1374 1021 cum
1404 984 1560 1022 nullum
1599 986 1646 1023 sit
1687 984 1794 1024 aliud
1822 985 2071 1035 Concilium,
2112 986 2217 1039 quod
2258 984 2402 1037 majori

1282 1035 1425 1087 polleat
1453 1039 1679 1076 auctoritate
1700 1068 1711 1087 ,
1755 1053 1828 1077 uno
1857 1049 1993 1092 negato
2013 1069 2023 1088 ,
2067 1039 2229 1092 januam
2257 1041 2403 1093 aperiri

1281 1089 1330 1127 ad
1359 1099 1484 1128 cetera
1522 1092 1639 1128 etiam
1683 1093 1882 1142 neganda.
1931 1094 2014 1130 Imo
2042 1093 2103 1132 vel
2147 1095 2228 1145 ipsa
2271 1095 2402 1146 prima

1280 1151 1471 1196 quatuor,
1502 1157 1592 1196 quae
1623 1153 1751 1181 tamen
1781 1158 1818 1181 se
1839 1148 2013 1183 venerari
2037 1145 2251 1185 Acatholici
2282 1148 2402 1185 saten-

1279 1206 1370 1245 tur,
1414 1198 1454 1235 iu
1483 1197 1649 1236 dubium
1682 1199 1853 1235 revocari
1886 1207 2054 1250 possent.
2100 1199 2233 1237 Ariani
2262 1202 2364 1237 enim
2388 1229 2400 1248 ,

1280 1250 1584 1300 Macedoniani,
1628 1250 1843 1289 Nestoriani
1868 1281 1878 1300 ,
1908 1250 1942 1287 &
1971 1250 2211 1304 Eutychiani
2241 1266 2349 1291 arma
2379 1268 2402 1291 a

1282 1306 1416 1342 nostris
1445 1303 1743 1343 Protestantibus
1773 1306 2054 1343 mutuabuntur
2073 1335 2084 1354 ,
2130 1315 2169 1344 ut
2198 1306 2282 1359 pari
2312 1305 2400 1358 jure

1279 1372 1323 1396 ea
1351 1358 1528 1397 Concilia
1559 1359 1673 1396 fuisse
1703 1357 1905 1411 illegitime
1947 1359 2168 1408 celebrata,
2216 1369 2402 1399 conentur

1278 1414 1482 1451 evincere.
1513 1411 1586 1451 Sed
1615 1412 1708 1465 quid
1739 1410 1892 1452 multa?
1935 1412 1977 1451 Si
2007 1412 2118 1451 mille
2147 1422 2401 1464 congerentur

1277 1465 1479 1515 Concilia,
1508 1481 1725 1519 numquam
1747 1480 1789 1504 ea
1813 1466 2018 1518 probarent
2039 1467 2273 1515 adversarii,
2302 1480 2399 1519 quo-

1280 1522 1518 1574 tiescumque
1547 1522 1589 1560 in
1632 1520 1692 1559 his
1734 1533 1818 1559 suos
1848 1534 1994 1558 errores
2037 1521 2308 1560 condemnatos
2336 1521 2394 1562 vi-

1279 1575 1408 1614 derent
1424 1600 1434 1613 .

1562 1628 1593 1666 c
1641 1612 1751 1666 A‘P
1797 1627 1834 1666 U
1882 1627 1918 1666 T
2019 1627 2108 1667 vn.

1605 1735 1671 1775 De
1700 1739 1806 1775 notis
1834 1734 2065 1775 Ecclesiae.

1333 1857 1423 1884 222.
1442 1820 1526 1891 Ut
1553 1859 1643 1897 quae
1673 1843 1860 1883 hactenus
1889 1843 1999 1896 longa
2028 1843 2210 1897 quidem,
2237 1844 2302 1883 sed
2320 1845 2397 1886 ‚ad-

1276 1900 1435 1938 modum
1464 1900 1678 1939 necessaria
1705 1900 1876 1936 oratione
1897 1911 1967 1951 pro
1996 1898 2198 1936 asserenda
2214 1912 2366 1937 summa
2383 1929 2396 1949 ,

1275 1952 1309 1988 &
1340 1953 1426 1991 falli
1455 1954 1583 1991 nescia
1598 1952 1785 1990 Ecclesiae
1815 1953 2038 1989 auctoritate
2067 1952 2108 1989 in
2138 1951 2252 1990 rebus
2281 1952 2395 2002 fidei,

1276 2004 1310 2040 ἃ
1340 2018 1494 2044 morum
1523 2005 1826 2043 determinandis
1855 2004 2083 2053 attulimus,
2117 2005 2166 2044 ad
2196 2019 2308 2044 usum
2332 2007 2397 2045 de-

1275 2058 1492 2108 ducantur,
1521 2072 1676 2097 necesse
1704 2061 1862 2097 omnino
1891 2068 1970 2107 est,
2001 2073 2087 2097 eam
2117 2061 2290 2111 cognosci
2320 2060 2396 2099 Ec-

1274 2110 1457 2161 clesiam,
1499 2126 1590 2165 quae
1620 2126 1709 2150 vera
1739 2121 1820 2159 est,
1851 2111 1885 2147 ἃ
1914 2114 1978 2150 cui
2008 2121 2208 2164 propterea
2226 2112 2305 2150 'soli
2336 2115 2396 2152 di-

1273 2166 1374 2203 vinae
1406 2167 1676 2218 promissiones
1706 2165 1818 2203 factae
1849 2174 1962 2203 sunt.
1994 2165 2081 2213 Qua
2110 2166 2267 2217 quidem
2292 2168 2328 2203 in
2352 2181 2393 2206 re

1272 2232 1412 2270 magna
1438 2232 1535 2271 opus
1564 2227 1616 2256 est
1643 2218 1868 2270 diligentia:
1910 2218 2079 2257 solemne
2108 2219 2213 2256 enim
2242 2233 2394 2272 semper

1271 2272 1346 2310 fuit
1376 2271 1567 2310 haereticis
1590 2278 1682 2310 'suas
1712 2273 1920 2321 factiones,
1949 2271 1984 2308 δε
2012 2281 2157 2320 sectas,
2193 2286 2282 2325 quae
2313 2287 2392 2314 non

1270 2335 1356 2364 sunt
1385 2328 1456 2364 nisi
1477 2326 1716 2379 'Synczgoga
1746 2325 1946 2374 Satanae,
1991 2326 2040 2366 <9¹
2068 2325 2269 2364 Ecclesiae
2299 2341 2392 2366 ma-

1271 2380 1540 2432 lignantium,
1570 2393 1677 2419 sacro
1704 2378 1907 2418 Ecclesiae
1939 2378 2086 2418 Christi
2111 2383 2265 2419 nomine
2295 2383 2389 2421 insi-

1269 2435 1381 2486 gnire
1413 2435 1503 2486 (ιι).

1327 2488 1418 2528 223.
1448 2489 1572 2526 Certae
1604 2488 1721 2540 igitur
1750 2487 1953 2527 afferendae
1981 2496 2066 2526 sunt
2087 2496 2186 2526 notae
2204 2519 2214 2538 ,
2244 2488 2389 2542 quibus

1266 2555 1398 2581 veram
1428 2543 1569 2582 Christi
1598 2556 1773 2594 sponsam
1803 2544 1960 2581 omnino
1989 2544 2189 2596 perspicue
2217 2542 2389 2596 detegere

1266 2595 1492 2643 valeamus3
1523 2606 1604 2635 tum
1635 2606 1674 2634 ut
1703 2612 1724 2635 a
1753 2596 1862 2635 falsis
1891 2597 2110 2636 doctoribus
2139 2606 2314 2637 caventes
2329 2611 2388 2636 so-

2250 2650 2332 2690 lam

1310 2756 1358 2792 (ιι)
1384 2751 1628 2786 Tertullianus
1657 2749 1735 2784 Lib.
1764 2750 1824 2783 IV.
1860 2760 1979 2785 contra
2007 2751 2220 2785 Marcionem
2245 2763 2320 2797 cap.
2350 2752 2383 2786 5.

1263 2799 1437 2839 Faciunt,
1463 2799 1579 2843 inquit
1596 2820 1604 2838 ‚
1623 2798 1730 2842 faties
1758 2804 1797 2830 U*
1827 2811 1930 2842 vexpae
1946 2820 1956 2839 ‚
1973 2798 2117 2842 faciunt
2135 2799 2322 2832 Ecclesias
2341 2805 2383 2832 (θ’

1263 2846 1506 2880 Marcionitae.
1537 2844 1630 2879 ldem
1656 2844 1696 2877 de
1720 2845 1918 2878 Novatiano
1945 2846 2122 2879 asserebat
2151 2844 2293 2879 Sanctus
2308 2847 2383 2890 Cy-

1261 2895 1406 2938 prianus
1434 2894 1546 2937 Epist.
1569 2893 1733 2925 LXXtIt.
1753 2890 1794 2925 ad
1815 2891 2032 2936 Jubajnnutn
2048 2915 2058 2932 ,
2084 2904 2163 2926 eum
2183 2893 2308 2925 similis
2327 2906 2384 2926 as-

1262 2941 1446 2979 similans,
1483 2951 1560 2984 quae
1588 2938 1746 2971 homines
1775 2939 1985 2972 imitantur.
2024 2938 2121 2973 ldein
2146 2938 2188 2972 de
2215 2939 2379 2980 Arianis,

1259 2987 1483 3026 Donatistis,
1520 2986 1714 3030 ceterisque
1740 2984 1918 3019 haereticis
1952 2985 2021 3020 dici
2049 2995 2188 3031 potest,
2228 2998 2378 3030 quorum

1259 3035 1460 3078 exemplum
1489 3032 1680 3067 Lutherani
1700 3055 1710 3072 ‚
1754 3035 1786 3067 δ(
1812 3033 2017 3066 Calvinistae
2044 3034 2174 3066 imitati
2199 3042 2308 3072 sunt,
2346 3035 2378 3064 δε

1259 3081 1319 3124 qui
1345 3093 1385 3114 ex
1413 3079 1548 3113 duabus
1576 3079 1652 3112 istis
1678 3078 1873 3124 majoribus
1893 3081 1990 3113 sectis
2008 3089 2127 3125 postea
2147 3079 2376 3125 prodierunt,

1258 3126 1299 3160 de
1319 3127 1447 3173 quibus
1467 3126 1674 3171 singulatim
1692 3125 1808 3160 dicere
1828 3127 1934 3161 nimis
1953 3127 2098 3172 longum
2117 3136 2232 3165 esset,
2260 3129 2290 3156 8<
2308 3124 2375 3157 ini-

1257 3174 1350 3207 nime
1377 3174 1638 3208 necessarium.
1682 3171 1867 3216 Breviter,
1891 3174 2006 3220 iuquit
2023 3197 2033 3215 ‚
2059 3174 2231 3207 Melchior
2256 3173 2376 3217 Canus,

1256 3221 1360 3254 initio
1385 3221 1484 3254 Libr.
1511 3221 1572 3255 IV·
1609 3221 1652 3254 de
1678 3221 1768 3254 locis
1795 3221 1972 3265 theolog„
2016 3222 2189 3254 lzaereticis
2223 3218 2374 3251 omnibns

1255 3267 1320 3300 hoc
1344 3270 1476 3312 gentile
1501 3275 1578 3309 est,
1616 3269 1716 3301 simul
1741 3277 1838 3313 atque
1866 3281 1942 3302 sese
1968 3268 2138 3301 Ecclesiae
2173 3267 2374 3298 ‹tilt‘loritate'

1255 3320 1372 3360 urgeri
1400 3317 1542 3356 vident,
1578 3323 1636 3348 aut
1661 3316 1760 3349 illam
1797 3328 1982 3360 spernere,
2023 3324 2079 3348 auc
2104 3312 2276 3345 Ecclesiae
2301 3323 2371 3344 rem

1254 3364 1300 3395 art
1327 3374 1388 3403 se,
1414 3374 1593 3406 nomenque
1619 3362 1839 3406 transferre,
1881 3367 1922 3397 Φ·
1948 3374 2020 3395 eam
2045 3365 2081 3394 in
2107 3360 2185 3394 illis
2202 3369 2288 3392 esse
2311 3369 2376 3410 nee

1253 3421 1362 3454 gare,
1390 3413 1426 3445 in
1451 3410 1570 3456 quibus
1596 3421 1714 3448 revera
1737 3417 1793 3446 est
1810 3431 1818 3440 ·
