2564 3706
230 108 310 151 162

162 184 300 223 Leone
328 178 381 219 Χ.
410 176 698 215 dammztorum
727 171 773 222 ).
814 173 944 212 Sancti
985 171 1113 211 Patres
1154 170 1266 222 quid-

161 238 254 290 quid
273 265 282 283 ,
314 231 371 270 vel
400 239 529 269 contra
549 228 746 270 haereticos
765 227 994 279 disputando
1009 256 1020 275 ,
1051 226 1111 263 vel
1127 224 1266 261 Ortho-

160 291 274 328 doxos
296 290 332 323 in
352 283 603 323 concionibus
620 282 865 321 admonendo
885 279 1147 337 proferebant,
1167 288 1266 312 sem-

162 355 229 393 per
259 340 548 390 §sripturarum
592 335 814 374 testimoniis
849 336 1267 388 communire-satage-

164 395 277 434 bant:
306 393 409 446 quod
425 392 563 430 frustra
582 389 633 430 ab
653 391 700 428 iis
720 390 864 428 factum
885 388 1014 424 fuisset
1030 411 1041 430 ,
1071 394 1144 419 nisi
1164 380 1270 419 Scri-

162 457 286 502 pturae
318 458 385 499 per
415 459 452 484 se
491 445 705 497 perspicuae
735 443 881 487 forent,
924 436 984 475 vel
1026 433 1160 472 saltem
1188 432 1269 471 cla-

162 503 280 540 riores
311 502 354 539 iis
384 498 652 551 dogmatibus,
696 508 786 547 quae
815 490 978 544 probare
1006 488 1270 534 conabantur,

164 555 258 594 alias
288 555 409 605 magis
439 562 567 590 notum
598 564 643 588 ex
673 553 797 587 minus
826 553 913 582 noto
944 541 1159 593 probassent
1177 566 1188 580 ·
1243 593 1251 600 .

218 607 286 648 68.
318 607 430 659 Resp.
460 605 590 643 l’rinm
618 602 738 640 multa
766 610 843 635 esse
873 598 912 634 in
944 595 1154 647 Scripturis
1184 601 1274 632 satis

165 662 292 709 clara,
323 661 357 697 8(
378 660 579 698 manifesta
597 686 608 704 ,
637 653 814 705 quamvis
843 663 915 688 non
942 650 1074 687 omnia
1103 649 1173 686 sint
1203 646 1277 685 hu-

169 715 363 760 'usmodi3
393 715 433 752 in
463 712 547 750 aliis
577 721 665 746 vero
693 703 981 744 obscurioribus
999 698 1130 741 Sancti
1150 700 1276 740 Patres

165 732 407 820 beripturam
439 772 617 816 perpetuo
653 757 900 810 allegabant,
944 766 984 797 ut
1011 756 1274 803 ostenderent,

165 824 377 861 doctrinam
406 817 589 857 Ecclesiae
608 844 618 861 ,
647 826 766 866 quam
795 809 1073 864 explicabant,
1108 825 1130 848 a
1159 809 1276 847 sacris

168 876 302 915 litteris
332 886 404 912 non
424 884 499 908 esse
519 869 687 906 alie'nam
704 893 714 905 .
743 866 926 905 Ceterum
948 863 1186 915 ubicumque
1205 862 1277 900 du-

165 929 276 969 bium
296 928 341 965 de
371 936 565 963 sacrarum
586 921 802 959 litterarum
823 932 930 958 sensu
949 917 1146 956 oriebatur
1161 946 1173 964 ‚
1203 928 1277 955 non

168 983 217 1020 ad
246 981 367 1019 alium
397 977 565 1029 judicem
595 973 896 1026 confugiebant,
925 985 1044 1024 quam
1074 971 1122 1009 ad
1141 969 1278 1009 Eccle-

166 1036 287 1072 siam.
317 1031 426 1070 Unus
446 1029 612 1070 sufficiat
633 1030 838 1080 Origenes,
868 1039 945 1078 quo
973 1037 1088 1062 nemo
1109 1024 1280 1071 diutius,

165 1098 231 1128 aut
266 1085 496 1125 laboriosius
524 1084 734 1133 Scripturis
781 1079 1015 1118 illustrandis
1056 1077 1276 1122 insudavit;

167 1151 205 1181 at
233 1153 323 1179 vero
353 1138 484 1177 Tract.
504 1135 655 1175 XX1X.
687 1137 728 1173 in
756 1132 986 1172 Matthaeum
1023 1134 1281 1184 quotiescum·

168 1209 244 1247 que
280 1193 329 1232 de
357 1190 524 1242 alicujus
553 1189 628 1228 loci
656 1187 944 1240 Scripturarum
981 1199 1088 1224 sensu
1118 1183 1284 1234 ambigi-

166 1256 230 1287 tur
248 1277 260 1295 ‚
297 1259 368 1284 non
398 1245 508 1284 aliter
536 1242 769 1282 credendum
798 1254 874 1277 esse
903 1240 1059 1285 statuit,
1087 1241 1164 1275 nisi
1193 1247 1286 1286 que-

170 1298 440 1340 madmodum
468 1309 537 1347 per
564 1298 858 1336 successionem
878 1290 1077 1329 Ecclesiae
1103 1288 1286 1349 Dei-tra-

171 1354 355 1393 diderunt
383 1349 522 1390 nobis.
566 1349 716 1388 Addere
773 1358 940 1384 ossemus
975 1346 1092 1381 etiam
1123 1352 1288 1381 testimo-

167 1409 280 1447 nium
313 1404 485 1451 Ruffini,
532 1403 600 1454 qui
637 1402 679 1438 in
709 1360 816 1437 Hicin.
845 1396 961 1436 Eccl.
991 1396 1083 1436 Lib.
1106 1396 1154 1434 Il.
1196 1409 1286 1447 cap.

169 1474 209 1513 9.
239 1460 397 1510 loquens
438 1456 484 1494 de
513 1455 572 1493 Ss.
602 1452 780 1492 Patribus
809 1451 978 1499 Basilio,
1022 1450 1056 1487 ἃ
1099 1450 1288 1501 Gregorio

171 1514 434 1558 Nazianzeno,
464 1508 568 1557 Soli,
597 1508 749 1560 inquit,
779 1504 923 1543 cltvtnae
956 1507 1164 1554 scripturae
1184 1503 1287 1541 volu-

175 1564 346 1606 minibus
361 1576 529 1615 operam
550 1560 725 1610 dabant,
746 1573 960 1612 eorumque
980 1558 1288 1610 intelligentiam

172 1634 256 1659 non
284 1632 337 1657 ex
357 1621 516 1671 propria
545 1618 879 1668 proesumptione,
908 1611 979 1652 secl
998 1625 1051 1651 ex
1081 1613 1290 1664 majorum

173 1677 350 1725 scriptis,
378 1673 428 1713 ὅ)
457 1669 695 1710 ωιὲῗονὲΐαίε
723 1667 989 1721 sequebantur
1004 1681 1020 1712 ,·
1058 1679 1153 1717 quos
1181 1666 1230 1706 (ἕ)
1260 1667 1290 1702 i-

176 1742 266 1780 psos
310 1739 363 1766 ex
402 1725 624 1778 apostolica
665 1725 915 1761 successione
955 1718 1202 1773 intelligendi
1230 1730 1292 1760 re-

180 1783 321 1837 gulam
350 1783 568 1830 suscepisse
597 1775 838 1815 constabat.

233 1834 301 1887 69.
330 1832 425 1884 Obj.
446 1833 485 1872 3.
514 1832 717 1883 Scriptura
747 1843 882 1878 sacra,
925 1842 1017 1867 cum
1045 1828 1093 1866 sit
1129 1824 1293 1866 verbum

180 1887 283 1936 Dei,
325 1886 437 1924 debet
465 1898 543 1924 esse
570 1884 750 1922 omnibus
779 1884 856 1921 suis
883 1883 1056 1920 numeris
1092 1880 1294 1926 absoluta3

181 1943 288 1995 atqui
318 1939 405 1978 talis
434 1952 510 1976 non
540 1945 665 1984 esset,
695 1937 775 1974 imo
803 1935 1139 1988 imperfectissima
1169 1935 1293 1980 foret,

183 1995 216 2034 si
244 1994 377 2047 aliqua
406 1991 599 2030 laboraret
627 1990 878 2035 obscuritate3
908 1986 979 2025 hoc
1009 1989 1113 2025 enim
1143 1994 1296 2036 reputa-

182 2049 218 2088 ri
246 2047 340 2087 solet
381 2046 522 2085 vitium
551 2045 593 2082 in
639 2042 814 2095 quolibet
854 2042 1039 2093 scriptore
1069 2052 1144 2078 non
1187 2037 1295 2076 leve:

180 2113 271 2152 ergo
297 2099 370 2137 ἃς.
399 2098 570 2136 Ulterius
599 2097 704 2135 Deus
732 2097 775 2134 in
803 2108 910 2133 sacra
937 2094 1140 2144 Scriptura
1186 2105 1297 2130 suam

179 2154 292 2193 nobis
320 2150 490 2191 revelare
518 2148 755 2189 voluntatem
783 2147 958 2198 dignatus
986 2154 1069 2193 est,
1099 2157 1177 2197 quo
1195 2142 1298 2181 salu-

182 2218 259 2247 tem
288 2205 468 2258 consequi
497 2204 683 2256 possimus
713 2204 791 2254 (2.
821 2199 930 2239 Tim.
951 2198 1018 2237 III.
1040 2198 1101 2237 15.
1132 2197 1166 2234 ἃ
1185 2196 1296 2235 Joan.

185 2258 278 2301 XX.
301 2259 366 2298 51.
387 2257 403 2307 )
422 2272 430 2295 ε
458 2256 714 2311 quamobrem
742 2267 819 2293 non
849 2254 1058 2304 incongrue
1078 2249 1300 2304 appellatur

183 2311 344 2367 epistola
371 2312 447 2351 Dei
477 2311 526 2350 ad
554 2309 728 2349 homines
744 2322 755 2355 3
783 2308 834 2347 ab
863 2307 952 2346 aliis
979 2319 1070 2344 vero
1097 2318 1300 2358 compara·

182 2376 247 2406 ⁴tur
274 2365 420 2406 tabulae
450 2362 759 2417 topographicae,
796 2375 874 2415 qua
902 2362 1024 2401 viator
1069 2359 1117 2398 ad
1146 2359 1218 2397 iter
1245 2371 1302 2397 se-

185 2435 276 2462 cure
305 2419 566 2473 peragendum
608 2417 805 2470 dirIgitur:
853 2416 960 2468 atqui
1003 2413 1213 2454 absurdum
1249 2421 1303 2452 est

189 2475 353 2515 voluisse
371 2473 501 2513 Deum
530 2470 641 2510 nobis
669 2484 779 2509 suam
807 2468 1045 2508 voluntatem
1072 2469 1125 2506 ita
1153 2465 1300 2505 revela-

186 2542 230 2569 re
250 2559 262 2579 ,
290 2536 333 2566 ut
361 2525 461 2566 nihil
492 2524 775 2576 intelligamus:
804 2536 894 2574 ergo
923 2521 995 2559 Sto.

244 2596 310 2636 70.
341 2580 454 2632 Resp.
483 2579 544 2618 Ad
571 2579 744 2632 primum
762 2608 774 2627 ,
817 2575 890 2616 hac
918 2574 1144 2614 difficultate
1172 2575 1299 2627 premi

194 2637 309 2676 etiam
329 2634 604 2681 Adversarios,
633 2632 702 2685 qui
731 2631 854 2670 nimia
882 2629 1072 2669 evidentia
1092 2629 1213 2666 coacti
1242 2629 1302 2667 fa-

191 2688 342 2738 tentur,
370 2700 497 2728 sacras
524 2686 666 2725 litteras
695 2685 827 2725 saltem
857 2684 899 2723 in
928 2682 1101 2722 articulis
1127 2695 1205 2720 non
1236 2697 1302 2721 ne-

192 2744 363 2782 cessariis
390 2755 468 2781 esse
497 2739 705 2793 aliquando
739 2739 920 2778 obscuras
950 2737 1014 2789 (a)
1032 2763 1042 2774 .
1089 2736 1198 2774 Certe
1226 2737 1301 2789 ipsi

193 2797 395 2836 nobiscum
422 2795 578 2843 dicent,
606 2806 682 2832 non
703 2805 823 2834 sacrae
844 2791 1058 2845 Scripturae
1088 2791 1183 2829 vitio
1200 2821 1210 2838 ,
1239 2790 1306 2830 sed

197 2848 310 2896 aliis,
337 2849 371 2886 Bt
391 2850 549 2903 quidem
577 2847 710 2886 multis
737 2860 784 2884 ex
812 2846 938 2885 causis
966 2844 1137 2898 ejusdem
1167 2845 1306 2884 obscu-

196 2900 347 2941 ritatem
372 2903 492 2943 oriri.
521 2902 654 2942 Oritur
674 2902 802 2956 pritno
828 2913 874 2939 ex
904 2912 1034 2938 rerum
1051 2929 1063 2949 ,
1091 2913 1188 2952 quas
1216 2911 1306 2937 con·

203 3059 286 3083 ram
305 3046 388 3081 tulit
413 3047 581 3083 Labadias
597 3071 608 3091 ,
643 3050 703 3085 sed
728 3049 794 3085 sibi
821 3061 889 3084 non
925 3047 1037 3083 defuit
1062 3047 1311 3093 Wotzogenins

201 3094 296 3130 edita
322 3094 475 3126 Censura
500 3095 675 3138 Censura,
700 3099 889 3142 pluresque
914 3096 1049 3129 invenit
1074 3108 1145 3129 suae
1171 3104 1310 3128 senten-

204 3142 263 3177 tiae
289 3139 583 3185 adstipulatores.
619 3143 691 3176 Nec
718 3144 780 3188 ipsi
808 3155 891 3188 orgo
915 3142 1118 3177 Adversarii
1155 3142 1249 3174 inter
1274 3154 1310 3175 se

204 3188 290 3224 satis
315 3186 550 3226 conveniunt,
575 3187 659 3231 qnid
689 3188 731 3221 ad
756 3193 879 3223 reetam
894 3191 1085 3235 Scripturae
1110 3189 1310 3232 intelligen-

203 3235 293 3270 tiam
317 3244 402 3277 opus
427 3234 495 3266 sit.

250 3285 299 3319 (a)
322 3280 423 3313 Joan.
441 3277 619 3312 Ger-ardus
645 3279 681 3312 in
700 3291 773 3323 cap.
793 3281 827 3314 6.
853 3280 935 3314 Loci
953 3281 977 3313 1.
1003 3281 1205 3327 Τίεοῖοὲίεί
1225 3293 1308 3315 con-

205 3325 326 3363 fitetur
338 3346 350 3368 ‚
375 3327 520 3373 quadam
543 3329 580 3362 in
599 3326 793 3372 Scripturis
812 3327 987 3363 obscurius
1004 3330 1094 3365 elma
1107 3351 1120 3373 ‚
1144 3332 1179 3364 δε
1201 3330 1308 3366 incel-

796 90 950 139 PARS
983 91 1044 139 Π.
1075 87 1480 137 DISSERTATIO
1511 87 1568 134 11.
1596 86 1810 134 canu.

1332 168 1448 214 tinet,
1478 167 1767 218 profunditate3
1807 179 1899 205 cum
1927 167 2033 208 enim
2063 167 2245 222 mysteria
2274 166 2447 210 Trinita-

1335 222 1407 268 tis,
1439 221 1584 271 peccati
1612 218 1836 269 originalis,
1867 220 2170 271 Incarnationis‚
2201 223 2450 274 praedestina-

1335 274 1447 311 tionis
1464 302 1475 321 ,
1519 271 1796 325 reprobationis
1814 301 1825 319 ,
1862 271 1896 308 ἃ
1924 275 2070 313 similia
2099 275 2281 314 liumanae
2312 278 2452 314 inentis

1339 328 1464 364 aciem
1493 335 1699 378 superent,
1726 338 1879 364 necesse
1904 335 1988 374 est,
2017 340 2062 365 ea
2089 328 2172 368 loca
2199 330 2362 368 obscura
2391 343 2449 367 es·-

1335 393 1400 428 se,
1430 381 1471 417 in
1499 379 1643 431 quibus
1671 379 1718 416 de
1748 379 1795 418 iis
1815 379 1968 430 agitur.
1997 378 2198 430 Secunda,
2227 383 2262 419 ἃ
2290 383 2452 435 quidem

1336 446 1414 472 nou
1452 434 1591 485 exigua
1632 427 1875 471 obscuritatis
1915 432 2204 486 Scripturarum
2246 449 2362 475 causa
2399 443 2455 475 est

1339 487 1596 540 imperfecta,
1639 499 1729 538 quae
1760 486 1873 524 modo
1901 496 2096 539 superest,
2138 500 2272 526 earum
2301 489 2456 542 lingua-

1341 554 1428 578 rum
1460 540 1620 592 peritia,
1664 541 1704 579 iu
1733 539 1876 591 quibus
1905 542 2031 591 primo
2059 542 2158 579 sacri
2186 540 2282 579 libri
2307 543 2458 582 exarati

1341 603 1456 639 sunt3
1502 592 1703 645 phrasium
1734 595 1826 631 item
1843 622 1855 641 ,
1884 593 1919 629 St
1948 595 2229 632 idiotisinorum
2246 624 2257 643 ,
2287 608 2459 645 quorum

1342 661 1432 686 usus
1460 645 1540 698 jam
1570 662 1592 685 a
1622 645 1736 699 longo
1766 655 1937 699 tempore
1962 647 2180 686 obsolevit.
2211 646 2344 686 Tertia
2365 662 2458 687 cau-

1343 716 1383 740 sa
1412 710 1465 738 est
1507 698 1850 752 metaphorarum,
1891 712 1937 738 ac
1970 710 2169 754 >troporum
2212 702 2460 754 frequentia·

1341 756 1533 803 Quartam
1561 754 1798 793 constituunt
1838 752 2041 792 nonnullae
2069 765 2296 807 apparentes
2324 754 2462 794 antilo-

1342 810 1444 862 giae.
1476 808 1640 847 Additur
1668 807 1836 859 denique
1864 806 2067 846 hominum
2095 811 2325 859 perversitas
2347 840 2358 857 ,
2390 809 2462 862 qui

1342 863 1404 901 vel
1435 862 1550 914 ipsis,
1579 874 1669 913 quae
1699 871 1783 900 sunt
1801 862 1962 900 omniuo
1983 863 2186 913 perspicua
2207 891 2219 908 ‚
2249 863 2395 911 variis,
2424 861 2462 899 Se

1343 916 1511 954 distortis
1554 913 1930 968 interpretationibus
1959 914 2132 953 tenebras
2173 914 2372 954 offundere
2399 917 2463 954 ui-

1345 978 1503 1015 tuntur;
1544 969 1639 1007 adeo
1669 978 1708 1007 ut
1736 970 1812 1007 nisi
1841 970 1953 1007 vivus
1981 968 2125 1021 aliquis
2152 966 2270 1020 judex
2297 971 2462 1018 existat,

1347 1022 1475 1061 nullus
1507 1034 1679 1074 unquam
1710 1022 1862 1060 futurus
1891 1023 1939 1060 sit
1966 1023 2314 1061 controversiarum
2345 1023 2472 1061 finis>

1348 1076 1455 1124 Quid
1479 1074 1642 1124 clarius,
1672 1075 1838 1123 amabo,
1868 1073 1929 1114 his
1959 1079 2092 1128 paucis
2113 1076 2260 1115 verbis:
2288 1075 2378 1113 Hoc
2405 1083 2467 1114 est

1353 1142 1495 1179 corpus
1524 1129 1694 1166 meum?
1723 1128 1771 1167 Et
1791 1139 1918 1168 tamen
1937 1130 2088 1168 diverso
2107 1144 2262 1182 prorsus
2279 1159 2290 1179 ‚
2321 1129 2354 1166 ἃ
2376 1142 2469 1168 con-

1351 1184 1468 1220 trario
1488 1195 1597 1219 sensu
1617 1196 1640 1220 a
1659 1181 1869 1220 Catholicis
1885 1211 1896 1230 ,
1925 1182 1974 1221 ab
1994 1182 2242 1234 Evangelicis
2261 1213 2272 1231 ,
2301 1198 2323 1220 a
2354 1182 2470 1220 Pseu-

1352 1235 1664 1282 do-reformatis‚
1691 1249 1716 1273 a
1743 1235 1961 1274 Socinianis
1990 1236 2253 1287 intelliguntur
2263 1251 2274 1283 3
2313 1235 2346 1272 8<
2376 1236 2469 1274 licet

1357 1287 1503 1339 ubique
1531 1299 1608 1326 non
1637 1288 1752 1339 pauci
1783 1286 1957 1325 homines
1993 1286 2175 1328 hactenus
2203 1289 2402 1327 floruerint
2430 1301 2473 1327 o-

1358 1345 1438 1380 mni
1456 1353 1655 1380 sacrarum
1676 1341 1927 1379 scientiarum
1947 1353 2083 1392 genere
2103 1342 2326 1393 peritissimi
2345 1371 2355 1389 ,
2377 1355 2474 1380 non-

1355 1395 1451 1433 dum
1481 1404 1609 1434 tamen
1653 1394 1861 1432 consentire
1890 1394 1989 1432 inter
2017 1407 2054 1432 se
2084 1403 2314 1447 potuerunt.
2357 1394 2474 1442 Quod.

1355 1450 1386 1488 si
1417 1448 1457 1486 in
1486 1447 1570 1488 loco
1587 1477 1599 1496 ,
1627 1449 1698 1500 qui
1725 1448 1819 1486 adeo
1846 1447 1974 1486 clarus
2003 1448 2176 1497 videtur,
2204 1457 2306 1487 tanta
2325 1456 2379 1486 est
2408 1448 2476 1485 do-

1356 1504 1616 1542 ctissimorum
1647 1501 1848 1540 hominum
1877 1501 2086 1550 dissensio,
2123 1502 2218 1556 quid
2248 1504 2318 1540 erit
2347 1510 2478 1554 postea

1355 1556 1403 1594 de
1432 1555 1521 1595 aliis
1541 1587 1552 1604 ‚
1582 1565 1682 1594 certe
1715 1553 1838 1594 multo
1865 1554 2154 1595 obscurioribus
2175 1587 2186 1606 ,
2215 1553 2457 1594 dicendum?

1423 1623 1487 1663 7¹.·
1518 1609 1577 1649 Ad
1600 1622 1637 1647 2.
1667 1608 1774 1648 Deus
1802 1608 2034 1649 sufficienter
2052 1639 2065 1657 ,
2107 1611 2189 1649 imo
2217 1608 2476 1647 luculentissi—

1357 1677 1421 1702 me
1449 1678 1558 1702 suam
1588 1662 1698 1702 nobis
1740 1662 1973 1702 voluntatem
1991 1693 2002 1711 ,
2046 1663 2081 1700 ἃ
2109 1664 2237 1702 omnia
2270 1661 2481 1715 Religionis

1358 1718 1539 1770 mysteria
1587 1717 1773 1760 revelasse
1815 1717 2026 1755 censendus
2054 1725 2134 1766 est,
2178 1730 2224 1755 ex
2253 1730 2330 1770 quo
2367 1717 2483 1755 nobis

1360 1771 1506 1809 dederit
1527 1769 1743 1808 Ecclesiam
1772 1773 1831 1809 sui
1861 1770 1972 1809 verbi
1994 1771 2263 1822 interpretem,
2293 1780 2480 1808 nostram-

1361 1838 1439 1878 que
1467 1825 1720 1876 magistram5
1748 1822 1848 1863 nihil
1878 1824 2025 1877 quippe
2054 1823 2140 1862 fieri
2169 1833 2313 1877 poterat
2342 1822 2484 1861 melius

1362 1879 1410 1917 ad
1440 1891 1573 1917 omnes
1600 1879 1642 1916 in
1671 1876 1748 1916 fide
1789 1879 2066 1916 controversias
2092 1876 2303 1916 tollendas.
2346 1877 2482 1923 Quan-

1363 1940 1574 1984 tacumque
1593 1932 1699 1970 enim
1718 1930 1890 1970 claritate
1910 1930 2003 1969 libri
2023 1932 2122 1970 sacri
2143 1931 2353 1984 pollerent,
2382 1943 2482 1968 nun-

1363 1997 1483 2036 quam
1513 1985 1718 2022 defuissent
1747 1984 1922 2023 homines
1941 1983 2126 2023 indociles
2142 2015 2153 2032 ,
2183 1986 2250 2036 qui
2276 1986 2406 2036 pravis
2424 1986 2484 2023 in-

1364 2035 1702 2089 terpretationibus
1730 2037 2007 2074 controversias
2024 2038 2272 2076 suscitarent.
2303 2038 2403 2075 Hinc
2423 2051 2482 2076 sa*

1365 2092 1510 2143 pienter
1529 2089 1706 2142 Synodus
1726 2088 1954 2127 Tridentina
1975 2088 2143 2128 Sessione
2163 2090 2235 2129 IV.
2248 2121 2259 2140 ,
2288 2090 2344 2129 acl
2372 2103 2484 2129 coer·—

1364 2142 1498 2181 cenda
1527 2143 1754 2193 petulantia
1781 2145 1948 2195 ingenia
1968 2141 2138 2181 decrevit
2155 2175 2165 2193 ,
2194 2154 2235 2181 ut
2257 2157 2378 2183 nemo
2397 2154 2487 2185 suce

1367 2194 1591 2248 prudentiae
1619 2198 1785 2232 innixus
1802 2224 1813 2242 ,
1844 2199 1886 2232 in
1914 2193 2028 2233 rebus
2045 2196 2152 2248 fidei
2172 2229 2184 2246 ‚
2213 2198 2263 2240 <9¹
2296 2209 2485 2247 morum,

1369 2249 1426 2287 ad
1453 2248 1771 2301 aetlificationem
1801 2246 1992 2287 doetrinae
2015 2249 2258 2290 Christianae
2285 2257 2487 2305 pertinen-

1369 2307 1470 2341 tium
1487 2333 1499 2352 ,
1542 2315 1711 2341 sacram
1741 2301 1993 2353 scripturam
2022 2301 2079 2340 ad
2105 2317 2196 2343 suos
2222 2319 2363 2344 sensus
2391 2319 2486 2345 con·

1370 2366 1583 2409 torquens,
1626 2365 1771 2395 contra
1800 2369 1894 2394 eum
1931 2369 2124 2407 sensum,
2166 2371 2284 2411 quem
2331 2364 2487 2408 tenuit,

1368 2413 1420 2453 (22³
1449 2419 1557 2449 tenet
1586 2408 1732 2448 sancia
1761 2408 1905 2448 Mater
1931 2409 2151 2461 Ecclesia,
2193 2413 2309 2466 cujus
2339 2423 2397 2451 est
2421 2415 2488 2465 ju-

1370 2464 1510 2503 dicare
1538 2463 1588 2502 de
1630 2476 1720 2503 vero
1756 2477 1903 2514 sensu,
1944 2465 1995 2506 (θ’
2023 2470 2353 2519 interpretatione
2380 2466 2488 2505 Scri-

1369 2528 1581 2572 pturarum
1611 2516 1849 2565 sanflarum
1867 2549 1877 2566 ‚
1915 2527 1986 2557 aut
2014 2524 2140 2559 etiam
2169 2531 2313 2559 contra
2342 2524 2489 2558 unani-

1371 2586 1479 2613 mem
1502 2585 1740 2610 consensum
1762 2571 1930 2610 Parrum
1952 2603 1964 2622 ,
1992 2577 2126 2625 ipsam
2146 2574 2396 2626 Scripturam
2425 2587 2492 2613 sa-

1366 2640 1484 2666 cram
1513 2631 1769 2679 interpretari
1788 2626 1967 2665 audeat.
1996 2627 2100 2665 Hinc
2115 2637 2239 2679 patet,
2268 2641 2347 2681 quo
2374 2642 2488 2667 sensu

1367 2695 1473 2721 sacra
1488 2680 1686 2733 Scriptura
1715 2679 1906 2733 appellari
1936 2683 2052 2733 possit
2066 2680 2225 2732 epistola
2241 2681 2315 2720 Dei
2344 2681 2391 2720 ad
2422 2681 2492 2719 ho-

1371 2737 1523 2785 mines,
1552 2734 1614 2774 vel
1642 2734 1774 2773 tabula
1795 2747 1862 2772 nos
1877 2733 1917 2771 in
1945 2742 2083 2771 nostrae
2114 2735 2247 2774 salutis
2277 2737 2409 2774 itinere
2429 2737 2489 2774 di-

1372 2791 1497 2842 rigens
1513 2819 1525 2838 ,
1552 2788 1698 2828 scilicet
1726 2787 1907 2841 adjuncto
1927 2787 2115 2828 Ecclesiae
2135 2791 2356 2843 magisterio
2370 2820 2382 2841 ,
2410 2802 2489 2830 nou

1372 2853 1502 2884 autem
1531 2843 1724 2896 seposito.

2351 2951 2440 2991 CA-

1378 3047 1464 3081 Zec‘lzz
1477 3057 1555 3080 e-sse
1576 3031 1800 3087 difficiliora·
1826 3045 1878 3079 lta
1904 3055 2043 3090 qnoque
2061 3046 2186 3081 Franc.
2207 3045 2430 3082 Terrettinus
2449 3043 2488 3078 in

1379 3093 1534 3128 Institut.
1551 3091 1713 3136 Theolog.
1732 3092 1931 3126 elenchticae
1951 3093 2054 3127 Tom.
2076 3095 2100 3127 l.
2120 3104 2244 3139 quaest.
2263 3104 2317 3136 17.
2334 3089 2489 3132 addens,

1379 3141 1487 3174 etiam
1512 3152 1567 3174 res
1593 3137 1636 3173 ad
1660 3140 1810 3173 salutem
1835 3141 2047 3174 necessarias
2074 3153 2140 3175 non
2156 3141 2285 3184 ubique
2305 3139 2488 3183 perspicue

1375 3186 1495 3228 tradi,
1519 3184 1576 3220 sed
1597 3186 1713 3230 aliqua
1729 3198 1801 3219 esse
1827 3183 1990 3222 ὃυσνίητα
2005 3187 2157 3221 difficilia
2184 3186 2357 3220 intellectu
2372 3206 2382 3226 ,
2407 3196 2486 3228 quae

1375 3241 1493 3267 tamen
1518 3233 1601 3266 alibi
1628 3233 1830 3277 planissime
1855 3233 1942 3268 dieta
1969 3234 2117 3269 inveniri
2143 3244 2185 3266 ex
2211 3234 2283 3266 suis
2316 3229 2483 3276 praejudi-

1375 3281 1440 3316 ciis
1464 3278 1664 3317 contendit.
1689 3280 1742 3316 lta
1767 3279 1910 3317 demum
1932 3292 2052 3319 omnes
2075 3281 2147 3316 fere
2171 3279 2392 3316 Acatholici.
