2564 3706
205 110 293 160 246

489 236 774 279 CAPUT
848 243 916 282 111.

144 346 405 396 Ostenditur,
449 347 491 386 S.
521 347 684 387 Petrum
715 349 993 400 Apostolorum
1030 347 1260 399 Principem

198 400 344 439 Romae
360 401 525 455 fuisse,
575 416 626 441 ac
656 407 697 440 in
740 418 791 442 etz
821 404 1009 441 Ecclesia
1037 400 1260 454 Episcopa-

192 464 277 494 tum
307 469 429 509 usque
458 457 514 496 ad
543 466 716 498 mortem
746 462 946 496 tenuisse.

195 564 260 603 58.
276 541 505 617 Postquam
535 578 754 618 supremam
782 563 824 602 S.
855 563 953 602 Petri
998 563 1037 601 in
1079 564 1260 603 universa

140 617 317 658 Ecclesia
361 620 580 671 dignitatem
623 618 906 656 vindicavimus
928 648 938 666 ,
988 627 1028 655 ut
1058 620 1121 656 via
1150 618 1260 656 nohis

136 680 326 712 sternatur
355 675 403 711 ad
432 672 732 720 ostendendum,
780 671 892 710 Rom.
923 672 1149 710 Pontificem
1180 685 1257 709 esse

136 724 253 777 hujus
274 740 437 766 summae
454 726 643 778 dignitatis
666 724 859 764 haeredem
878 757 888 775 ,
918 726 1254 764 demonstrandum

136 781 236 829 erit,
285 781 326 819 S.
357 780 510 817 l'etrum
556 778 739 818 Romanae
781 780 969 819 Ecclesiae
1013 780 1255 832 Episcopum

135 833 275 883 fuisse,
319 843 431 886 atque
462 835 499 870 iu
528 846 572 870 eo
602 833 835 885 Episcopatu
866 848 986 887 usque
1015 835 1063 872 ad
1091 843 1254 873 mortem

132 900 418 938 perseverasse.
448 887 548 925 Cum
570 900 659 926 vero
687 888 758 926 sint
788 889 885 926 inter
914 889 1159 927 Protestantes
1179 902 1255 928 non

134 942 279 991 pauci,
325 942 392 993 qui
424 954 496 978 non
525 940 649 979 solum
680 942 719 979 id
748 951 911 994 negent,
955 943 1019 981 sed
1048 944 1165 981 etiam
1192 956 1257 982 co·

135 1003 273 1032 nentur
293 996 492 1042 evincere,
523 994 563 1034 S.
586 994 740 1034 Petrum
771 1010 972 1051 [uinquam
997 996 1128 1034 Romae
1161 997 1257 1035 fuis-

133 1061 191 1097 se,
223 1049 350 1100 primo
379 1048 545 1086 breviter
577 1048 791 1088 Romanum
822 1050 864 1089 S.
895 1050 993 1088 Petri
1023 1052 1120 1100 iter,
1150 1052 1256 1089 dein-

129 1103 179 1139 «te
208 1101 383 1154 ejusdem
404 1102 680 1156 Episcopatum
709 1105 938 1143 confirmare
958 1105 1144 1143 debemus
1166 1106 1229 1156 (a)
1244 1131 1255 1143 .

188 1156 253 1208 59.
284 1156 413 1194 Prima
443 1166 569 1194 autem
601 1157 716 1208 hujus
746 1167 881 1196 nostrae
923 1160 1138 1197 assertionis
1166 1172 1255 1210 pars

131 1208 227 1248 adeo
265 1211 461 1248 evidenter
504 1223 548 1247 ex
579 1212 777 1248 traditione
820 1212 1035 1263 colligitur,
1084 1221 1125 1248 ut
1155 1210 1253 1248 nihil

132 1263 298 1301 inveniri
331 1265 444 1315 possit
473 1264 513 1300 in
557 1262 714 1301 historia
743 1264 883 1315 majori
913 1273 1253 1302 monumentorum

131 1318 243 1368 copia
271 1316 545 1354 confirmatum
563 1342 574 1354 .
604 1316 646 1353 ld
675 1317 776 1354 enim
807 1326 961 1355 testatur
988 1317 1029 1356 S.
1050 1316 1249 1366 Clemens,

131 1369 231 1408 Petri
263 1372 301 1407 in
331 1369 558 1407 Pontificatu
589 1377 670 1420 post
691 1369 836 1409 Linum
866 1385 1058 1410 successor
1089 1373 1103 1420 (
1134 1385 1196 1424 ep.
1218 1372 1249 1410 1.

129 1423 176 1460 ad
198 1421 374 1460 Corinth.
397 1422 410 1468 )
433 1422 473 1459 S.
495 1423 662 1473 Ignatius
682 1423 835 1477 Martyr
852 1427 867 1476 (
884 1427 924 1463 111
945 1440 1006 1478 ep.
1029 1426 1076 1464 ad
1099 1425 1209 1464 Rom.
1232 1426 1248 1475 )

130 1475 165 1512 8(
195 1475 331 1526 Papias
363 1476 677 1529 Hierapolitanus
721 1480 735 1530 (
765 1480 867 1531 apud
905 1479 1119 1518 Eusebium
1157 1480 1248 1518 Lib.

128 1530 180 1568 Π.
200 1529 308 1569 Hist.
331 1528 446 1569 Eccl.
462 1544 498 1569 c.
525 1531 585 1570 15.
603 1530 618 1581 )
635 1531 704 1585 qui
725 1542 796 1571 tres
817 1533 924 1572 suere
940 1534 1129 1588 Apostolis
1149 1548 1250 1574 coae-

127 1689 275 1724 eamque
301 1678 447 1724 proinde
474 1680 628 1726 Principi
655 1682 902 1727 Apostolorum
929 1683 1123 1719 tributam.
1164 1686 1254 1730 Qui·-

128 1724 211 1758 dam
234 1727 375 1760 Petrum
403 1727 446 1760 ad
471 1728 597 1762 laevam
623 1731 776 1775 positum
803 1734 958 1776 respefitn
983 1733 1256 1778 inspicientium

125 1770 310 1806 dexteram
335 1786 506 1819 occupare
520 1797 531 1816 ,
556 1774 723 1810 dixerunt
739 1799 748 1808 .
773 1777 842 1810 Alii
858 1779 944 1811 alias
961 1800 972 1819 ,
998 1781 1116 1813 minus
1133 1789 1252 1814 tamen

130 1820 259 1859 tritas,
287 1821 321 1852 in
349 1833 384 1854 re
410 1821 662 1856 obscurissima
689 1824 843 1857 inierunt
870 1826 967 1866 vias,
999 1839 1086 1872 quas
1114 1826 1252 1861 Mama-

128 1865 230 1898 chius
256 1866 348 1900 haud
390 1871 495 1901 reem
521 1869 695 1903 ostendit.
740 1872 816 1914 lpse
848 1880 966 1905 autem
992 1883 1029 1907 ut
1068 1874 1175 1919 hujus
1202 1876 1252 1909 rei

130 1924 276 1945 cansam
296 1914 527 1947 verisimilem
546 1915 690 1956 reddat,
714 1917 905 1957 observat,
930 1928 1088 1954 veterem
1107 1934 1253 1955 consue-

132 1957 293 1992 tudinem
318 1960 450 2000 fuisse,
478 1969 513 1994 nt
537 1965 591 2004 qui
617 1963 764 1995 dextera
788 1966 924 2005 aliquid
940 1975 1083 2006 agentes
1109 1981 1129 1998 α
1155 1971 1254 1999 exla-

132 2006 292 2045 twibus,
317 2008 527 2050 putoribus,
555 2009 783 2050 sculptoribus
810 2013 884 2041 Εἲς.
911 2011 1180 2052 exhiberentur,
1206 2016 1254 2045 iz·-

130 2053 209 2085 denz
235 2056 304 2084 etsi
331 2065 454 2085 summa
480 2055 685 2096 praestabant
710 2060 751 2086 ΕΤ
777 2060 1000 2096 austeritate,
1026 2062 1067 2089 w
1094 2060 1253 2101 dt'gnita-

131 2107 187 2139 te,
213 2111 253 2130 ne
280 2100 362 2142 quid
377 2099 479 2141 sorte
494 2120 505 2139 ,
529 2104 703 2143 minusque
728 2104 827 2143 apti,
852 2107 893 2135 (Γ
918 2104 1083 2136 commodi
1111 2108 1147 2136 in
1168 2107 1252 2137 illo-

129 2158 200 2178 rum
218 2149 347 2177 ac‘h'one
360 2167 371 2185 ,
396 2147 690 2190 collocationetsue
709 2151 866 2190 corporis
883 2152 1029 2188 partium
1046 2159 1250 2194 appareret,

128 2194 175 2225 acl
193 2194 302 2225 Iaewtun
322 2195 509 2235 saepissime
528 2197 821 2226 constituerentur
834 2217 843 2226 .
869 2194 971 2238 Quod
990 2197 1113 2230 multis
1132 2209 1254 2231 exem-

127 2240 197 2284 plis
223 2239 407 2271 confirmat
424 2262 432 2270 .
476 2239 550 2273 Hoc
577 2249 695 2273 autem
732 2241 867 2285 posito,
905 2251 1028 2286 sponte
1053 2256 1116 2277 sua
1145 2244 1222 2278 fluit
1241 2266 1252 2286 ‚

128 2286 259 2318 mirum
285 2297 352 2318 non
378 2297 477 2327 esse,
504 2287 532 2319 si
562 2286 710 2328 Petrus,
735 2289 836 2332 quasi
864 2297 925 2321 aut
951 2289 1161 2331 benedicat,
1190 2300 1251 2326 aut

129 2331 276 2373 doceat,
302 2340 361 2365 aut
388 2333 580 2377 loquatur,
607 2332 791 2368 dexteram
817 2334 1035 2378 extendens,
1063 2340 1169 2372 fuerit
1198 2340 1252 2373 in-

130 2377 267 2413 terdum
293 2391 312 2413 a
338 2380 605 2424 sculptoribus,
646 2382 904 2427 pictoribusque
929 2382 970 2416 ad
997 2384 1124 2419 laevam
1152 2387 1250 2420 Pauli

130 2427 343 2459 collocatus.
386 2427 532 2461 Fatetur
558 2437 700 2469 tamen,
728 2429 870 2462 Petrum
896 2431 1047 2465 inveniri
1074 2445 1252 2467 nonnum-

129 2485 237 2517 quam
263 2474 296 2506 in
322 2474 499 2507 veteribus
520 2477 757 2509 monumentis
777 2475 819 2509 ad
837 2477 962 2510 laevam
979 2500 990 2518 ,
1017 2481 1081 2513 etsi
1104 2493 1169 2514 non
1189 2493 1252 2513 ex-

130 2519 251 2553 tendat
277 2518 319 2552 ad
334 2520 540 2565 aliquidaut
557 2521 751 2566 agendum,
778 2532 837 2557 aut
862 2523 1101 2560 innuendum.
1127 2527 1193 2560 Sed
1210 2526 1253 2561 ad

132 2566 223 2599 lianc
247 2565 490 2601 difficultatem
517 2568 710 2602 tollendam
736 2570 926 2612 observat,
964 2571 1034 2606 duo
1058 2587 1131 2608 esse
1157 2575 1254 2620 ejus-

132 2612 223 2646 iuodi
251 2624 560 2648 monumentorum
587 2626 735 2660 genera,
770 2618 838 2651 alia
865 2617 908 2651 ad
934 2620 1047 2664 prima
1074 2621 1252 2656 Christia-

133 2672 185 2692 nae
213 2662 405 2705 Religionis
434 2671 617 2707 tempora,
643 2664 711 2697 alia
737 2663 779 2696 ad
806 2664 984 2708 mediam,
1023 2669 1251 2714 infimumque

133 2715 274 2740 atatem
302 2709 536 2752 pertinentia.
567 2711 605 2743 In
631 2711 754 2754 primis
781 2710 815 2744 id
841 2713 971 2746 factum
997 2727 1072 2748 esse
1098 2717 1253 2750 arbitra-

137 2760 218 2793 tur,
245 2767 284 2788 eo
307 2753 400 2799 quod
428 2756 548 2789 Petrus
565 2778 576 2797 ,
602 2761 633 2789 &
653 2758 779 2790 Paulus
806 2770 841 2791 se
867 2769 991 2794 mutuo
1015 2763 1224 2807 aspicientes
1241 2786 1252 2805 ,

135 2802 170 2830 ἃ
196 2803 293 2843 quasi
320 2802 557 2847 colloquentes
583 2804 823 2846 exhibentur-5
859 2814 893 2840 at
921 2819 1004 2842 vero
1036 2809 1144 2843 fuisse
1169 2822 1252 2844 con-

136 2853 301 2888 suetum,
325 2858 363 2882 ut
390 2850 425 2882 in
452 2862 491 2883 ea
517 2851 689 2895 positione
716 2853 881 2886 vultuum
907 2855 995 2888 laeva
1023 2857 1200 2890 interdum
1221 2859 1252 2891 ei

135 2892 376 2936 tribueretur,
416 2898 477 2942 qui
502 2906 592 2930 esset
618 2897 790 2943 dignitate
817 2904 1067 2945 praestantior,
1104 2905 1254 2950 quibus-

134 2937 219 2972 dam
245 2943 410 2985 exemplis
436 2944 614 2985 ostendit,
648 2947 872 2991 potissimum
898 2961 981 2983 vero
1006 2962 1151 2994 gemmae
1168 2974 1178 2993 ,
1218 2953 1255 2986 in

141 2998 211 3038 qua
237 2987 418 3021 Macrinus
445 2993 637 3035 Imperator
665 2993 792 3027 Filium
812 2990 1134 3032 Diadumetlianum
1161 3001 1255 3045 aspi-

139 3043 235 3066 ciens
261 3034 387 3066 laevam
412 3046 577 3081 occupat.
613 3041 650 3072 ln
678 3041 756 3074 aliis
783 3051 901 3076 antem
934 3047 1173 3080 monumentis
1200 3048 1256 3080 in-

137 3079 310 3113 feriorum
348 3088 545 3133 temporum
571 3085 604 3117 id
641 3088 766 3121 factum
792 3101 866 3122 esse
903 3100 1028 3133 retur,
1067 3103 1255 3138 postquam

139 3126 265 3160 Petrus
293 3127 512 3169 Damianos,
538 3132 597 3174 qui
625 3133 709 3165 Sa‘c.
736 3136 798 3168 Xl.
826 3137 973 3179 floruit,
1011 3140 1142 3185 aliique
1168 3141 1257 3174 Pau-

138 3173 215 3206 lum
240 3172 282 3206 ad
303 3174 396 3208 Petri
421 3173 602 3209 dexteram
628 3180 822 3221 ponendum
849 3196 922 3218 esse
941 3184 1161 3228 docuerunt,
1187 3199 1257 3221 non

141 3219 233 3264 quod
259 3221 363 3254 Petro
387 3223 545 3267 superior
570 3233 686 3265 esset,
723 3228 780 3259 sed
807 3231 885 3263 aliis
912 3234 1074 3273 mysticis
1107 3233 1148 3269 de
1176 3247 1258 3268 cau-

141 3268 189 3301 sis
205 3288 227 3318 ⁹.
251 3269 426 3313 praecipue
453 3279 595 3311 autem,
621 3271 714 3316 quod
739 3285 779 3305 ex
807 3277 900 3315 tribu
926 3271 1110 3324 B'enjamin
1143 3291 1258 3323 esset3

142 3314 326 3358 Benjamin
353 3323 470 3348 autem
489 3316 581 3350 idem
599 3327 650 3351 est
665 3341 676 3359 ‚
702 3332 742 3353 ac
760 3320 850 3354 filius
869 3321 1019 3359 dexterae
1037 3350 1044 3358 .
1072 3329 1163 3363 Hinc
1179 3330 1258 3363 11111-

139 3360 215 3393 iam
250 3373 322 3396 esse
347 3363 487 3398 Buueun
521 3364 685 3401 observat
708 3367 805 3403 Βᾶτε.
832 3369 895 3403 Xt.
932 3375 1186 3418 vetustiorem,
1223 3378 1258 3411 in

757 105 907 150 PARS
941 106 999 150 Π.
1033 105 1438 151 ΒΙΞΞΕΡιΤΑΤΙΟ
1478 104 1558 150 IV.
1595 105 1724 149 CAP.
1757 107 1841 151 III.

1332 188 1400 224 vi.
1451 187 1648 224 Accedunt
1688 188 1880 236 lrenaeus,
1921 188 1990 241 ‘qui
2035 189 2240 245 polycarpi
2286 193 2446 248 Aposto-

1330 239 1460 277 lorum
1510 240 1692 293 (liscipuli
1738 242 1887 278 auditor
1932 243 2004 279 fuit
2053 247 2068 294 (
2111 246 2200 285 Lib·
2240 247 2308 284 III.
2359 262 2449 300 cap.

1329 294 1360 332 J.
1394 295 1408 343 )
1440 293 1474 330 &
1496 294 1704 347 Dionysius
1725 295 2012 332 Corinthiorum
2035 297 2247 352 Episcopus
2276 302 2339 339 vix
2362 315 2451 338 cen-

1330 356 1413 385 tum
1444 350 1552 386 annis
1583 358 1661 400 post
1693 349 1790 387 l’etri
1822 350 1971 387 obitum
2002 349 2127 389 clarus
2159 355 2172 402 (
2204 355 2307 406 apud
2328 355 2450 393 Euse-

1327 401 1441 440 bium
1462 403 1552 441 Lib.
1574 403 1623 441 11.
1654 402 1762 440 Hist.
1784 402 1899 441 Eccl.
1921 412 1955 441 c·-
1974 405 2037 442 25.
2069 403 2083 452 )
2114 404 2251 443 deinde
2271 408 2452 447 Clemens

1330 454 1619 495 Alexandrinus
1649 460 1664 509 (
1695 457 1841 495 ibidem
1872 471 1959 510 cap.
1987 459 2047 496 15.
2079 458 2093 506 )
2124 458 2242 510 Cajus
2262 462 2450 500 Ecclesiae

1330 507 1442 548 Rom.
1486 511 1686 564 presbyter
1729 511 1873 563 (ibid.
1916 526 2001 563 cap.
2028 512 2138 561 25.)
2185 513 2451 554 Tertullianus

1330 565 1344 614 (
1375 563 1425 601 de
1451 569 1672 615 praescript.
1702 579 1789 617 cap.
1812 565 1876 604 56.
1908 567 1922 615 )
1954 566 1988 603 8<
2009 567 2124 604 ceteri
2156 567 2276 604 ferme
2296 581 2451 619 omnes,

1328 625 1368 654 ut
1400 632 1497 670 pene
1527 618 1754 657 incredibile
1776 620 1980 668 videatur,
2012 622 2177 672 potuisse
2208 620 2380 660 homiues
2410 639 2450 661 a·

1328 670 1478 724 lioquin
1509 686 1582 710 non
1612 671 1835 722 illiteratos,
1866 675 1919 711 ita
1948 674 2036 712 odio
2059 674 2239 714 Romauae
2261 675 2451 715 Ecclesiae

1324 726 1364 763 in
1397 735 1655 765 transversum
1679 727 1769 778 agi,
1801 736 1841 765 ut
1862 728 1901 766 id
1922 727 2189 766 inficiarentur
2206 761 2216 778 ,
2247 731 2349 783 quod
2371 731 2451 783 pri-

1325 780 1379 818 mi
1409 779 1536 819 Patres
1566 780 1707 819 oculati
1738 790 1843 819 testes
1861 812 1871 831 ,
1919 782 2022 833 quod
2052 795 2187 820 eorum
2218 797 2452 823 successores

1324 843 1509 886 perpetua
1538 836 1740 874 traditione
1769 836 1879 874 nobis
1907 835 2210 875 demandarunt:
2254 851 2381 889 neque
2410 850 2452 876 e-

1324 892 1409 925 nim
1442 889 1523 927 ulla
1553 902 1733 941 unquam
1752 888 1840 942 fuit
1869 889 2063 939 traditio,
2093 903 2183 943 quoe
2212 893 2364 944 majori
2392 900 2451 930 te-

1323 947 1444 980 suum
1473 956 1644 981 numero
1673 946 1889 996 cingatur,
1938 953 1979 982 ut
2025 943 2073 982 de
2102 943 2209 983 Petri
2239 949 2280 983 in
2311 945 2452 984 urbem

1322 995 1496 1034 adventu
1525 997 1699 1034 dubium*
1729 1011 1809 1035 non
1839 1002 1983 1049 possit,
2032 1002 2127 1051 quin
2156 1003 2299 1037 omnia
2328 999 2450 1038 histo-

1325 1054 1399 1088 riae
1419 1052 1693 1089 convellantur
1708 1050 1997 1103 fundamenta,
2013 1066 2027 1090 .·
2058 1053 2177 1092 verba
2197 1063 2284 1092 sunt
2313 1067 2387 1091 non
2410 1067 2451 1092 a-

1325 1103 1469 1154 licujus
1497 1104 1717 1153 Catholici,
1747 1105 1811 1143 sed
1841 1106 1948 1144 Sam.
1979 1107 2155 1159 Basnagii
2175 1138 2185 1155 ,
2228 1108 2346 1146 hostis
2375 1107 2451 1146 Ec-

1322 1156 1452 1194 clesiae
1497 1157 1686 1195 Romanae
1731 1159 1977 1197 infensissimi
2023 1164 2111 1211 (z'n
2140 1162 2296 1199 Annal.
2333 1160 2451 1200 Eccl.

1320 1211 1429 1260 polit.
1459 1211 1507 1248 ad
1536 1225 1627 1249 ann.
1650 1210 1716 1256 64.
1748 1226 1785 1248 11.
1807 1225 1848 1263 9.
1878 1213 1917 1261 ).
1947 1212 1995 1249 Et
2024 1212 2123 1250 alter
2152 1214 2315 1253 illustris
2343 1214 2452 1254 Scri-

1321 1271 1435 1315 ptor,
1465 1264 1529 1302 sed
1558 1264 1704 1316 pariter
1724 1263 1912 1303 Ecclesiae
1938 1264 2049 1303 Rom.
2078 1267 2240 1304 minime
2270 1269 2449 1318 amicus,

1320 1317 1558 1356 Guillelmus
1587 1318 1690 1357 Cave
1722 1320 1738 1370 (
1768 1317 1875 1356 Hist.
1905 1317 2002 1357 Litt.
2032 1318 2121 1358 Sec.
2151 1320 2283 1372 Apost.
2313 1324 2355 1360 ιή
2376 1320 2451 1360 Pe·

1319 1379 1381 1408 tro
1412 1372 1426 1421 )
1459 1373 1510 1411 ita
1541 1373 1685 1425 pariter
1714 1372 1933 1411 concludit:
1984 1371 2100 1411 Certe
2127 1377 2161 1411 si
2190 1383 2279 1412 tam
2317 1374 2449 1414 densa

1319 1430 1481 1464 testium
1511 1425 1658 1475 nubes,
1688 1435 1777 1465 tam
1806 1440 1975 1465 concors
2004 1437 2182 1466 veterum
2211 1433 2447 1478 sententia,

1316 1493 1387 1531 pro
1417 1482 1588 1533 cujusvis
1603 1485 1753 1534 ingenii
1781 1486 1934 1533 pruritu
1953 1485 2004 1520 sit
2024 1481 2249 1520 vellicando
2269 1513 2279 1532 ,
2310 1481 2448 1521 atium

1317 1534 1392 1573 eri't
1419 1539 1576 1587 penitus
1606 1535 1655 1574 de
1681 1539 1904 1591 primorum
1934 1537 2175 1576 soeculorum
2205 1540 2408 1576 memoria
2427 1551 2445 1583 ,-

2316 1604 2393 1630 nec

1321 1697 1392 1731 qua
1418 1685 1544 1721 Petrus
1572 1686 1615 1721 ad
1642 1686 1741 1721 Pauli
1767 1687 1894 1720 laevam
1919 1687 2053 1733 positus
2080 1686 2150 1720 sit.

1374 1740 1424 1773 (a)
1450 1735 1594 1768 Clariss.
1632 1735 1755 1768 Petrus
1783 1735 1909 1768 Franc.
1938 1734 2126 1779 Fogginius
2165 1730 2201 1765 in
2227 1731 2393 1766 Exercit.
2419 1730 2449 1765 Ῐ.

1321 1781 1365 1813 de
1394 1781 1542 1815 Romano
1566 1781 1615 1813 D.
1642 1781 1739 1816 Petri
1767 1785 1916 1822 itinere,
1944 1784 1984 1814 Θ
2011 1779 2228 1824 Episcopatu
2253 1779 2448 1821 observat,

1322 1828 1500 1861 infelicem
1527 1828 1732 1862 Marsilium
1759 1829 1992 1868 patavinum,
2017 1827 2076 1872 qui
2107 1825 2286 1861 Ludovico
2312 1827 2449 1860 Bavaro

1323 1884 1446 1908 contra
1465 1876 1519 1908 J0.
1541 1877 1659 1910 XXll.
1687 1877 1849 1909 venalem
1874 1876 2052 1909 calamum
2072 1874 2262 1919 praestitit‚
2292 1874 2450 1917 primum

1324 1923 1455 1962 fuisse,
1481 1923 1541 1967 qni
1561 1924 1850 1968 antiquissimam
1866 1946 1876 1965 ,
1904 1925 1935 1956 δε
1962 1921 2201 1955 universalem
2220 1919 2450 1954 traditionem

1319 1966 1361 1998 de
1389 1969 1548 2002 Romano
1573 1971 1607 2002 S.
1635 1971 1727 2005 Petri
1768 1970 1920 2010 itinere,
1962 1971 1994 2001 ἃ
2030 1969 2244 2013 Episcopatu
2281 1967 2450 2000 vellicare

1321 2023 1426 2044 ausus
1454 2014 1560 2045 suerit
1587 2017 1712 2047 Saecul.
1733 2017 1831 2047 XVt.
1859 2017 1938 2047 Post
1965 2023 2085 2048 autem
2110 2012 2268 2056 ejusdem
2296 2012 2449 2056 vestigia

1321 2068 1450 2101 magno
1475 2071 1624 2093 numero
1649 2058 1872 2093 secuti'sunt
1892 2060 2128 2092 Protestantes
2143 2079 2154 2098 ‚
2181 2058 2359 2092 Primatus
2379 2059 2450 2092 Ec-

1322 2104 1435 2135 clesiae
1453 2105 1621 2137 Romana?
1647 2114 1789 2145 osore55
1816 2117 1968 2149 qnorum
1984 2105 2102 2137 omnia
2118 2126 2129 2144 ,
2159 2105 2249 2138 sicut
2270 2105 2378 2138 etiam
2397 2117 2450 2139 eo·

1319 2151 1512 2193 rum,.qui
1540 2159 1695 2183 veterem
1715 2172 1726 2190 ,
1760 2162 1799 2190 ac
1826 2151 2051 2183 verissimam
2075 2149 2342 2184 Catholicorum
2369 2164 2449 2184 sen-

1321 2197 1470 2228 tentiam
1497 2203 1639 2229 strenue
1665 2195 1924 2237 defenderunt,
1963 2205 2127 2229 accurate
2154 2207 2219 2240 pro
2245 2197 2449 2231 incredibili

1320 2254 1382 2275 sua
1419 2243 1593 2276 librorum
1627 2245 1753 2278 notitia
1790 2250 1948 2277 recenset
1975 2243 2011 2275 P.
2040 2242 2197 2276 Thomas
2225 2244 2449 2277 Mamachius

1322 2290 1426 2323 Tom.
1457 2291 1500 2324 V.
1524 2292 1733 2336 Originum,
1769 2295 1812 2324 (Ψ
1835 2293 1999 2336 antiquit.
2026 2290 2162 2323 Christ.
2202 2301 2281 2335 pag.
2311 2290 2388 2333 542.
2416 2294 2450 2324 &

1321 2349 1395 2381 seq.
1433 2337 1506 2371 Nec
1531 2337 1818 2383 praetereundum
1844 2347 1897 2372 est
1914 2360 1925 2379 ,
1963 2336 2150 2370 nonnullos
2177 2348 2220 2370 ex
2246 2341 2332 2370 secta
2358 2337 2450 2381 Epi-

1322 2387 1510 2428 scopalz'um
1538 2387 1573 2418 in
1600 2386 1729 2430 Anglia
1755 2398 1774 2419 a
1802 2386 1903 2419 nobis
1923 2384 2069 2418 minime
2087 2382 2297 2417 dissentire.
2324 2382 2449 2417 videri

1322 2441 1468 2475 possunt
1496 2432 1703 2466 pearsonius
1733 2433 1766 2465 in
1794 2433 1945 2465 Dissert.
1972 2433 1999 2465 l.
2036 2430 2091 2463 De
2120 2435 2340 2464 successione
2373 2434 2450 2474 pri-

1321 2491 1404 2511 mur.
1432 2478 1600 2523 Episcop.
1621 2480 1726 2513 Romae
1753 2491 1829 2524 cap.
1850 2480 1884 2512 6.
1912 2476 2158 2513 Hammondus
2179 2478 2214 2510 in
2233 2478 2383 2511 Dissert.
2403 2478 2448 2511 V.

1323 2525 1379 2558 De
1407 2525 1600 2569 Episcop.,
1627 2531 1668 2560 (9⁰
1691 2528 1918 2572 presbyteris
1944 2526 2074 2570 capit„
2102 2527 2133 2556 ὃ(
2159 2526 2219 2558 alii
2236 2548 2243 2556 .
2271 2526 2367 2558 Inter
2380 2525 2449 2558 Ca-

1323 2572 1472 2606 tholicos
1500 2584 1618 2607 autem
1646 2575 1805 2618 primus,
1832 2572 1926 2618 quod
1954 2574 2062 2606 sciam
2081 2593 2091 2612 ‚
2116 2573 2315 2605 Romanum
2336 2572 2368 2604 S.
2385 2571 2449 2603 Pea-

1322 2620 1367 2652 tri
1397 2621 1651 2666 Episcopatum
1679 2621 1856 2655 inficiatus
1882 2629 1933 2654 est
1953 2631 2107 2664 nuperus
2132 2621 2248 2652 aneton
2267 2618 2450 2661 Jurispru-

1320 2668 1446 2700 dentix
1472 2668 1615 2702 Eccles.
1643 2668 1768 2702 Venet-
1800 2668 1902 2712 1787.
1939 2667 2041 2699 Tom.
2074 2667 2097 2699 l.
2134 2677 2167 2710 p.
2195 2666 2294 2716 439.-
2316 2668 2348 2698 &
2374 2676 2448 2710 seq.

1321 2713 1534 2748 contendens
1549 2737 1560 2756 ,
1586 2716 1764 2749 neminem
1784 2715 2035 2759 Apostolorum
2064 2713 2169 2746 fuisse
2189 2713 2340 2756 alicujus
2360 2713 2450 2745 civi-

1321 2761 1405 2794 tatis
1432 2762 1649 2807 Episcopum
1672 2766 1873 2806 proprium;
1909 2762 2064 2806 primum
2103 2770 2221 2792 autern
2250 2760 2350 2792 Rom.
2380 2760 2450 2792 Ec—

1321 2808 1436 2840 clesiaz
1465 2810 1673 2843 Antistitem
1700 2809 1806 2842 fuisse
1836 2808 1991 2847 Linum,
2016 2818 2124 2850 eoque
2149 2804 2335 2840 demortuo
2360 2806 2450 2843 fuis..

1323 2866 1357 2887 se
1385 2855 1613 2900 subrogatum
1641 2856 1674 2889 S.
1703 2856 1950 2895 Clementem,
1988 2861 2093 2898 atquc
2121 2853 2222 2885 istius
2261 2864 2449 2898 personam

1321 2914 1390 2934 non
1414 2903 1627 2946 plrrsicam,
1664 2901 1724 2937 sed
1749 2904 1909 2935 moralem
1937 2901 2043 2934 fuisse
2078 2912 2097 2933 a
2126 2901 2160 2932 S.
2187 2900 2288 2933 Petro
2320 2898 2363 2933 ad
2390 2912 2448 2933 su-

1323 2960 1487 2993 premum
1514 2951 1622 2984 totius
1647 2951 1816 2983 Ecclesia?
1840 2949 2083 2994 principatum
2108 2950 2284 2987 ενεᾶαιης
2323 2947 2449 2980 Roma·-

1322 3008 1461 3041 numque
1486 2997 1696 3043 Episcopum
1720 2999 1850 3030 ceteris
1876 3005 1977 3029 antea
2007 3008 2123 3039 parem
2149 2999 2294 3027 omniurn
2325 3002 2447 3048 postea

1323 3053 1450 3087 caput,
1477 3058 1518 3079 ac
1541 3048 1733 3089 principem
1748 3067 1758 3084 ,
1783 3053 1900 3087 utpote
1926 3046 1978 3076 sui
1994 3054 2225 3076 successorem
2252 3050 2446 3083 renuncias-

1326 3103 1383 3123 se·
1412 3092 1495 3126 Haec
1520 3092 1694 3125 sententia
1721 3104 1788 3124 non
1803 3092 1915 3124 solum
1934 3102 2023 3124 nova
2041 3098 2119 3130 est,
2146 3089 2367 3133 quocumque
2387 3097 2446 3118 ve-

1323 3137 1410 3171 teris
1438 3139 1640 3173 traditionis
1665 3137 1894 3171 fundamento
1918 3136 2110 3177 destituta,
2136 3148 2260 3169 verum
2283 3135 2389 3187 etiam
2407 3145 2446 3165 0-

1323 3186 1462 3220 mnium
1490 3187 1601 3220 Sanct.
1629 3186 1773 3219 Patrum
1811 3184 2025 3218 testimoniis
2051 3184 2208 3229 oppos-ita
2227 3203 2238 3221 ‚
2281 3192 2340 3225 (pu
2357 3202 2369 3220 ‚
2386 3228 2388 3231 Ι
2405 3187 2444 3213 ut

1324 3243 1407 3266 mox
1434 3232 1659 3273 videbimus,
1701 3231 1824 3266 Sedem
1851 3233 2048 3265 Romanam
2075 3232 2199 3263 Aedem
2226 3227 2322 3261 Petri
2360 3239 2446 3261 con-

1326 3279 1532 3314 cordissime
1569 3280 1817 3325 appellarunt,
1855 3280 2123 3321 Romanumque
2153 3275 2352 3308 Pontificem
2370 3297 2379 3315 ,
2405 3281 2446 3306 ut

1324 3329 1360 3361 S.
1381 3327 1473 3360 Petri
1500 3338 1735 3361 successorem
1756 3336 1829 3360 tarn
1848 3328 1882 3359 in
1904 3326 2115 3370 Episcopatu
2133 3324 2311 3363 Romano,
2337 3330 2443 3367 quam

1326 3376 1364 3411 in
1387 3375 1593 3422 Principatu
1618 3374 1786 3411 Ecclesiae
1811 3382 1983 3420 perpetuo
2006 3370 2163 3405 venerati
2189 3377 2293 3404 sunt.
