2564 3706
688 87 1004 135 APPENDIX
1035 87 1115 135 DE
1147 87 1229 137 IV.
1260 87 1581 135 EVANGEL.
1612 90 1771 138 ORIG.

91 179 296 234 piternam
314 176 486 218 salutem
512 174 643 214 nullus
662 175 865 217 ducendus
893 186 952 217 est
968 210 978 229 ‚
1007 179 1202 230 opitulan-

92 243 131 272 te
161 233 370 272 mendacio
385 246 402 276 ‚·
430 243 511 268 non
528 234 636 268 enim
653 233 773 270 malis
788 237 1097 271 convertentium
1117 245 1203 270 mo-

95 287 199 326 ribus
217 285 272 324 ad
290 284 410 323 bonos
429 297 559 322 mores
578 285 862 324 convertendus
889 296 967 325 est.
995 286 1111 324 Tom.
1134 285 1202 325 Vl.

149 339 240 390 293.
269 339 471 390 Optimum
491 340 588 385 erit,
619 348 658 376 ut
687 340 865 392 equidem
896 349 1013 392 puto,
1042 348 1114 377 tres
1129 340 1202 377 mi-

91 393 311 432 raculorum
339 390 475 430 classes
494 391 749 443 distinguere:
778 406 869 432 nam
889 393 1020 446 aliqua
1048 394 1099 430 ita
1122 406 1202 429 cer-

89 454 127 484 ta
155 453 266 493 sunt,
297 453 338 482 ut
366 452 552 497 nequeant
571 446 652 482 sine
680 448 887 484 temeritate
915 446 1072 498 negari.
1104 443 1200 482 Rur-

87 511 150 540 sus
179 498 256 536 alia
285 499 336 536 ita
366 497 461 536 falsa
489 508 703 549 apparent,
752 509 791 536 ut
822 499 929 538 illico
957 502 1054 538 iuter
1082 499 1201 536 aniles

87 548 242 590 fabulas
270 551 471 592 amandari
501 551 689 590 debeant.
731 553 830 590 luter
858 552 925 591 lias
954 562 1079 590 autem
1109 552 1203 590 duas

87 603 224 642 classes
253 605 360 642 tertia
382 604 605 643 intermedia
631 615 682 644 est
698 605 872 658 plurium
902 605 1203 653 miraculorum,

87 657 136 696 de
165 656 308 709 quibus
339 658 398 695 vir
416 657 580 708 prudeus
602 656 795 709 judicium
824 660 1050 711 suspendet,
1080 663 1203 695 utnesc

85 717 228 748 temere
258 709 326 748 illa
346 710 534 762 recipiat,
564 725 633 749 uec
662 725 792 749 rursus
820 721 959 749 temere
989 710 1057 748 illa
1088 723 1202 762 repu-

85 763 193 802 diet.
241 763 342 801 Istud
371 772 496 801 tamen
526 773 671 802 certum
701 765 879 812 videtur,
928 766 993 801 vix
1034 766 1200 814 potuisse

84 823 165 864 tot,
195 814 229 852 &
259 825 362 855 tanta
391 817 580 856 miracula
601 817 722 869 fingi,
753 818 825 855 nisi
854 815 988 867 aliqua
1016 828 1106 853 vera
1135 826 1202 852 ex-

84 870 269 908 titissent:
297 871 622 922 quemadmodum
651 883 763 908 nemo
792 869 837 907 de
866 869 998 915 falsis,
1029 867 1063 903 &
1090 867 1201 906 adul-

84 924 214 962 terinis
243 925 413 962 nummis
440 924 625 962 cudendis
653 923 875 973 cogitasset,
903 921 980 959 uisi
1009 920 1123 959 multi
1143 934 1203 958 es-

86 984 166 1016 sent
193 977 351 1028 genuini
368 1001 379 1014 .

140 1029 233 1082 294.
261 1027 478 1074 Concilium
507 1026 619 1066 Trid.
648 1023 746 1065 Sess.
767 1023 899 1065 XXV.
943 1023 990 1063 tle
1027 1029 1200 1064 invocat.

84 1091 264 1121 venerat.
292 1083 343 1123 (9¹
371 1082 542 1132 reliquiis
571 1077 808 1118 Sar-:Horum
839 1079 1116 1132 sapientissime
1136 1080 1201 1117 de—

84 1138 232 1182 crevit,
279 1135 392 1172 nullu.
419 1132 676 1172 admittenda
718 1143 805 1172 esse
833 1146 936 1171 nom
965 1133 1168 1171 miracula
1189 1163 1200 1181 ‚

82 1192 160 1226 nisi
180 1195 487 1240 recognoscente
502 1217 513 1235 ,
541 1187 591 1228 (θ’
615 1186 862 1238 approbante
885 1184 1106 1238 Episcopo,
1134 1190 1201 1238 qui

81 1241 202 1280 simul
231 1249 351 1292 atque
379 1238 429 1278 de
457 1243 505 1278 iis
533 1239 684 1291 aliquid
712 1245 959 1292 compertum
990 1238 1198 1289 habuerit,

78 1293 265 1332 adhibitis
296 1295 575 1333 in'consilium
598 1293 829 1348 TheologZS,
858 1294 908 1335 Φ
936 1293 1026 1331 aliis
1054 1295 1127 1344 piis
1146 1297 1199 1331 vi-

81 1352 139 1386 ris
166 1360 217 1387 ea
233 1345 404 1400 faciat,
434 1360 523 1398 quae
550 1352 735 1397 veritati,
783 1349 833 1388 (9
860 1351 999 1399 pietati
1028 1359 1198 1386 consen-

83 1409 212 1439 tanea
234 1400 474 1452 judicaverit
491 1428 501 1438 .
549 1401 771 1449 Quamnam
800 1401 974 1440 Ecclesia
1001 1401 1199 1439 Catholica

80 1454 322 1507 diligentiam
344 1453 529 1492 adhibere
550 1454 665 1493 soleat
694 1456 742 1494 ad
763 1455 959 1508 probanda
990 1467 1086 1492 nova
1101 1454 1198 1492 San-

84 1505 233 1545 &orum
264 1507 479 1556 miracula,
527 1510 675 1560 egregie
705 1522 776 1560 pro
806 1522 910 1547 more
952 1521 1020 1546 suo
1047 1510 1203 1559 exponit

83 1558 308 1599 Benedittus
336 1559 444 1599 XIV.
475 1562 514 1598 in
542 1575 657 1613 opere
677 1561 741 1599 De
770 1561 979 1600 Servorum
999 1560 1078 1599 Dei
1107 1560 1198 1598 bea-

82 1613 333 1667 tificatione,
361 1614 411 1655 <9-
440 1613 658 1652 Beatorum
685 1619 994 1653 canonizatione
1024 1614 1112 1653 Lib,
1130 1610 1198 1652 IV.

82 1665 192 1707 Parte
222 1667 254 1705 Ι.

143 1720 236 1773 295.
265 1718 326 1758 Ex
353 1717 414 1758 his
450 1726 553 1773 patet
583 1719 721 1761 frustra
748 1721 933 1774 quosdam
971 1718 1202 1760 acatholicos

79 1772 268 1812 Ecclesiae
302 1771 412 1812 Rom.
441 1772 675 1826 exprobrare
705 1784 783 1824 tot,
827 1776 862 1812 8<
892 1784 991 1813 tanta
1029 1776 1198 1813 miracu-

83 1825 146 1875 la,
188 1826 250 1867 vel
280 1826 393 1879 plane
422 1826 546 1874 falsa,
577 1827 611 1863 St
641 1829 830 1878 ridicula,
878 1829 938 1867 vel
968 1826 1101 1866 saltem
1129 1828 1200 1866 du-

86 1879 181 1928 bia,
225 1881 460 1932 minimeque
489 1879 676 1932 probata,
706 1896 794 1935 quae
823 1882 873 1921 ab
902 1881 1100 1934 aliquibus
1129 1883 1202 1919 mi-

83 1944 156 1971 nus
184 1941 293 1971 caute
313 1932 346 1969 ἃ
367 1932 596 1982 creduntur,
626 1933 660 1970 &
681 1935 932 1986 evulgantur.
964 1935 1005 1971 ld
1032 1947 1108 1972 non
1130 1933 1204 1972 Ec-

83 1984 213 2023 clesiae
231 2014 242 2032 ,
271 1985 336 2023 sed
356 1984 594 2035 heteroclitae·
610 1988 867 2038 quorumdam
889 1985 1107 2025 credulitati
1138 1989 1204 2024 tri-

85 2037 158 2078 bui
185 2037 324 2078 debet.
371 2037 462 2088 Qua
488 2039 530 2078 in
559 2050 601 2077 re
629 2038 889 2080 intolerabilis
915 2048 1000 2090 est,
1035 2040 1105 2093 qui
1131 2040 1204 2079 suh

127 2209 178 2247 (a)
202 2204 360 2241 Instituit
384 2203 442 2240 hic
466 2207 583 2241 anaor
601 2204 899 2250 comparationem
927 2206 1020 2239 inter
1045 2205 1200 2240 miracu-

80 2251 119 2286 la
141 2252 378 2298 Pythagorae‚
421 2256 454 2286 δε
478 2254 655 2297 Apollonii
681 2253 880 2297 Tyanensis
897 2274 908 2293 ‚
951 2265 990 2287 ac
1027 2254 1199 2287 miracula

85 2299 196 2333 Sancti
222 2299 402 2333 Francisci
419 2321 430 2340 ,
456 2300 661 2341 Dominici‚
686 2301 718 2331 δι
745 2299 872 2343 ignatii
900 2299 1067 2344 Loyolae,
1093 2309 1197 2344 atque

81 2345 189 2379 sitnul
212 2347 332 2380 omnia
356 2346 524 2380 lectorum
549 2345 636 2379 risui
661 2345 804 2390 exponit
819 2367 827 2377 .
868 2345 916 2378 Ut
941 2353 1059 2379 autem
1085 2345 1118 2379 id
1144 2347 1197 2379 fa—

82 2392 186 2426 cilius
209 2392 367 2426 obtineat
382 2412 394 2432 ,
415 2390 665 2437 'undequaque
702 2391 851 2426 corrasit
875 2390 1049 2437 quidquid
1084 2391 1125 2426 de
1152 2393 1196 2426 iis

83 2435 176 2480 apud
203 2437 440 2480 ineptissimos
464 2439 652 2483 scriptores
678 2438 836 2471 invenire
862 2439 974 2483 potuit
990 2462 998 2470 .
1026 2440 1099 2472 lmo
1123 2440 1197 2484 ple—

82 2492 233 2527 rumque
260 2482 302 2515 iis
328 2483 443 2515 utitur
465 2483 592 2524 libris,
617 2484 677 2529 qui
704 2484 894 2529 apostolica
920 2496 1066 2518 censura
1090 2485 1197 2530 jure,

82 2529 282 2573 meritoque
299 2529 485 2573 proscripti
498 2528 573 2573 jam
592 2529 731 2563 fuerant
746 2542 756 2568 ς
783 2538 821 2562 ut
833 2538 914 2563 snut
939 2532 1091 2575 exempl.
1106 2540 1195 2575 grat.

78 2574 280 2608 Alcoranus
304 2573 612 2609 Franciscunorum
635 2575 834 2621 prohibitus
860 2575 896 2608 in
915 2573 1036 2610 Indice
1051 2575 1198 2615 Triden-

82 2624 186 2660 2ino;
227 2631 333 2665 opera
358 2621 451 2654 Petri
476 2619 517 2654 de
544 2623 656 2662 Alva,
699 2624 730 2654 δι
756 2623 904 2666 Astorga
932 2622 1113 2667 prohibita
1141 2624 1196 2666 24.

82 2667 278 2701 Novembr.
300 2666 403 2701 1655.
429 2667 576 2712 aliisque
601 2667 708 2712 hujus
735 2669 906 2709 furfuris3
936 2671 968 2701 δι
992 2665 1094 2702 dubia
1122 2681 1200 2703 cer-

84 2714 158 2753 tis,
184 2713 272 2746 fals-a
289 2713 383 2746 veris
409 2714 539 2758 ubique
557 2716 766 2759 permiscet.
794 2714 927 2759 Regula
951 2723 1069 2748 autem
1092 2725 1197 2760 gene·

83 2759 172 2792 ralis
187 2779 199 2799 ‚
223 2770 293 2803 qua
316 2760 431 2793 utitur
455 2759 499 2794 ad
524 2761 642 2794 omnia
669 2769 787 2794 nostra
810 2761 983 2795 miracula
1008 2761 1197 2806 exploden-

83 2803 131 2838 da
145 2826 156 2845 ,
181 2805 256 2838 haec
278 2813 331 2839 est
346 2827 358 2846 ‚
380 2807 462 2850 quia
487 2806 574 2841 fiunt
601 2808 638 2840 in
656 2808 813 2842 Ecclesia
832 2808 988 2841 Romana
1003 2829 1013 2847 ,
1038 2819 1115 2853 quae
1141 2820 1198 2842 er—

86 2851 252 2892 roribus,
276 2853 606 2896 superstitionibus,
632 2863 737 2899 atque
761 2852 958 2887 idololatria
985 2863 1058 2888 tota
1075 2856 1198 2899 *pollu-

85 2905 124 2931 ta
147 2906 221 2931 est.
257 2897 358 2944 Quod
374 2902 406 2932 si
432 2902 559 2944 igitur,
583 2901 700 2946 inquit
725 2901 759 2933 in
778 2901 916 2945 praefat.
940 2910 1021 2946 pag.
1050 2901 1108 2944 45.
1137 2906 1197 2934 im·

83 2945 209 2990 pedire
245 2946 379 2986 volunt,
419 2950 594 2990 quominus
619 2951 738 2981 inania
763 2949 829 2981 illa
866 2957 1054 2981 commenta
1080 2950 1199 2982 ridea-

92 3003 166 3025 mus
181 3011 192 3031 ,
217 2992 338 3025 dicant
362 2993 458 3025 nobis
475 2995 694 3036 impostorum
713 3016 724 3035 ‚
749 2995 831 3039 quid
855 2996 988 3028 laudem
1013 2999 1062 3028 sit
1084 3002 1200 3028 trans·

92 3038 320 3071 ubstantiatio
341 3059 352 3078 ,
378 3051 444 3082 qua
469 3046 519 3071 tot
545 3041 722 3073 mirabiles
748 3041 886 3082 effeHus
905 3042 1006 3079 edit,-
1029 3041 1198 3085 probent,

91 3082 205 3117 Deum
228 3095 290 3128 per
326 3088 574 3118 sanstissimam
598 3099 690 3120 snam
726 3096 878 3121 naturam
902 3090 1034 3131 efficere
1067 3100 1168 3131 posse
1186 3109 1199 3129 ‚

91 3136 129 3163 ut
154 3133 317 3165 miraculo
345 3132 548 3165 idololatria
574 3133 798 3174 stabiliatur,
837 3138 881 3167 <9⁴
906 3139 995 3167 ritus
1020 3137 1196 3177 ineptissi-

91 3178 140 3208 mi
164 3177 406 3220 confirmentur
424 3183 499 3210 Uc-
526 3179 626 3222 quasi
642 3189 726 3212 vero
743 3179 1022 3214 demonstratum
1037 3179 1110 3224 jam
1126 3182 1199 3213 fue·

92 3221 170 3262 rit,
195 3222 390 3258 Ecclesiam
404 3225 506 3257 Rom.
531 3236 604 3258 esse
629 3224 857 3271 Synagogum
883 3228 1042 3268 Satanae,
1069 3228 1104 3259 in
1130 3239 1200 3271 qna

92 3267 192 3301 nulla
216 3269 388 3304 miracula
411 3269 486 3304 fieri
512 3271 668 3315 possint.
709 3269 800 3306 Eum
825 3273 966 3318 quidem
992 3285 1059 3307 non
1095 3272 1199 3319 pudet

95 3311 245 3350 fidenter
267 3313 407 3356 dicere,
432 3315 469 3351 id
493 3319 626 3352 millies
648 3326 828 3353 ostensum
845 3319 957 3354 {uisse
971 3341 984 3362 ,
1025 3332 1066 3354 ac
1092 3321 1119 3353 si
1147 3320 1201 3352 in·

2230 112 2315 157 «εγ

1269 177 1421 217 nomine
1449 174 1736 218 Phile-»leutherii
1772 178 1940 221 Helvetii
1981 180 2130 223 librum
2169 185 2288 227 edidit
2328 184 2378 228 de

1270 231 1476 270 miraculis
1506 235 1522 284 (
1554 233 1918 286 Edimburgi1762.
1949 238 1987 273 in
2018 250 2057 274 2.
2087 239 2133 287 ),
2163 240 2230 279 uhi
2262 243 2378 282 inuti·

1269 285 1298 324 li
1328 284 1479 324 solertia
1505 287 1714 338 exquisivit
1742 288 1927 338 quidquid
1957 290 2084 327 minus
2111 291 2250 342 solide,
2295 297 2376 334 imo

1269 338 1383 391 plane
1425 338 1565 377 insulse
1595 354 1616 378 a
1657 338 1887 392 quibusdam
1918 343 2050 379 nostris
2085 344 2302 387 aufioribus
2329 350 2377 388 de

1269 392 1470 431 miraculis
1490 394 1675 445 scripturn
1697 394 1793 430 suit:
1824 393 1857 428 δε
1885 395 2017 432 omnia
2035 407 2109 433 non
2138 402 2297 449 privatis
2326 403 2373 441 il-

1270 444 1316 483 lis
1344 446 1591 498 scriptoribus
1608 476 1618 494 ‚
1645 447 1710 484 sed
1741 444 1854 498 plane
1875 444 2057 483 Ecclesiae
2076 449 2283 491 Catholicae
2311 457 2377 495 ad.

1268 498 1427 544 scribit;
1471 513 1560 536 cum
1586 508 1716 538 tamen
1741 513 1820 538 non
1850 500 2106 551 ignoraverit,
2135 516 2209 541 non
2238 521 2375 557 paucos

1270 554 1367 590 inter
1393 551 1609 590 catholicos
1637 554 1798 591 sanioris
1826 555 1970 590 criticae
2000 550 2211 607 Theologos
2239 563 2253 609 (
2287 561 2378 600 inter

1267 618 1363 655 quos
1393 605 1494 643 idem
1513 607 1676 658 scriptor
1706 605 1834 644 laudat
1854 604 2002 645 Melch.
2022 607 2195 657 Canum,
2225 610 2259 646 ἃ
2280 611 2377 651 Lud-

1271 656 1386 694 Vives
1417 658 1431 706 )
1463 658 1547 696 haec
1588 660 1718 697 omnia
1747 660 1995 712 improbare.
2043 660 2218 714 Longum
2261 666 2385 703 nimis-

1269 719 1361 747 esset
1389 724 1520 749 omnes
1548 711 1666 764 hujus
1696 711 1805 752 Libri
1842 712 2057 752 calumnias
2087 727 2297 768 exponere,
2343 718 2378 754 ἃ

1268 761 1442 800 refellere
1473 765 1535 816 (a)
1553 791 1564 804 .

1538 871 1572 909 Α
1613 870 1642 909 Ρ
1684 869 1713 910 P
1755 870 1789 913 E
1830 872 1866 912 N
1907 873 1947 914 D
1987 873 2006 914 1
2046 873 2085 915 X

1296 969 1362 1010 De
1386 983 1554 1025 quatuor
1570 973 1890 1030 Evangeliorum
1911 982 2139 1033 Apostoliccz
2159 982 2328 1039 Origine
2345 1012 2354 1025 .

1293 1131 1301 1137 ⁴
1325 1078 1417 1132 296.
1442 1054 1665 1133 Stupeudis
1692 1082 1833 1122 Christi
1863 1086 2062 1126 miraculis
2079 1120 2089 1137 ‚
2126 1104 2172 1129 ac
2201 1092 2381 1132 veridicis

1267 1146 1300 1185 e]
1310 1147 1350 1170 us
1371 1134 1537 1173 oraculis
1557 1135 1832 1178 confirmandis
1853 1137 1931 1176 sola
1951 1142 2179 1180 universalis
2195 1174 2205 1191 ‚
2227 1158 2270 1182 ac
2291 1159 2378 1183 con-

1268 1188 1497 1226 stantissima
1526 1201 1659 1226 eorum
1689 1189 1840 1228 traditio
1868 1204 1990 1244 usque
2020 1193 2073 1231 ad·
2098 1208 2162 1233 nos
2192 1209 2380 1248 propagaae

1265 1249 1303 1279 ta
1331 1240 1484 1279 abunde
1512 1241 1670 1280 sufficit:
1712 1243 1764 1281 ita
1792 1251 1834 1281 ut
1861 1245 1892 1281 si
1923 1245 2020 1284 nulli
2050 1248 2167 1286 etiam
2209 1258 2382 1288 extarent

1264 1295 1364 1332 sacri
1395 1295 1543 1332 codices
1573 1310 1595 1333 a
1624 1296 1780 1334 testibus
1809 1299 1949 1335 coaevis
1967 1328 1977 1347 ,
2022 1299 2056 1336 ἃ
2083 1301 2246 1341 oculatis
2290 1316 2381 1342 con-

1265 1347 1425 1398 scripti,
1455 1346 1578 1385 nihilo
1608 1350 1735 1387 miuus
1764 1362 1836 1387 nou
1858 1361 2005 1401 possent
2032 1354 2114 1390 siue
2136 1357 2306 1394 maxima
2329 1365 2380 1394 te-

1266 1402 1442 1438 meritate
1471 1403 1629 1453 negari,
1659 1411 1724 1440 aut
1751 1404 1791 1440 in
1819 1403 1983 1443 dubium
2013 1410 2182 1446 revocari
2200 1435 2210 1446 .
2241 1408 2381 1462 Reipsa.

1267 1454 1372 1491 enim
1403 1453 1498 1491 fides
1535 1454 1814 1493 miraculorum
1840 1455 1985 1496 'Christi
2029 1461 2067 1496 iu
2096 1460 2281 1500 Ecclesiae
2311 1477 2380 1501 na-

1267 1508 1401 1544 scentis
1429 1507 1587 1545 exordio
1616 1508 1760 1560 ubique
1791 1512 2071 1562 propagabatur
2109 1513 2188 1552 sola
2225 1517 2376 1553 testium

1266 1561 1488 1609 traditione,
1518 1574 1607 1598 cuin
1637 1561 1737 1599 nulli
1776 1561 1903 1601 adhuc
1933 1574 2049 1604 essent
2087 1568 2183 1604 sacri
2206 1568 2377 1618 codices,

1267 1623 1393 1665 postea
1414 1615 1643 1667 conscripti„
1673 1613 1805 1653 Nihilo
1834 1625 1959 1654 tamen
1989 1620 2114 1657 miuus
2136 1633 2264 1673 operae
2294 1635 2378 1674 pre·

1266 1669 1365 1705 tium
1388 1668 1651 1706 existimamus
1672 1681 1804 1706 eorum
1824 1668 2087 1710 aufioritatem
2108 1672 2273 1712 breviter
2294 1677 2378 1713 viu-

1266 1720 1396 1758 dicare
1425 1730 1556 1759 contra
1584 1735 1748 1773 nuperos
1778 1722 1992 1762 incredulos
2010 1755 2020 1772 ‚
2050 1727 2118 1778 qui
2147 1740 2210 1764 eos
2232 1736 2270 1765 ut
2288 1742 2379 1779 sup-2

1267 1775 1448 1826 posititios
1477 1773 1637 1825 rejicere
1665 1774 1826 1813 audent.
1871 1776 1922 1814 Ut
1951 1787 2077 1816 autem
2106 1778 2299 1818 breviores
2330 1782 2379 1819 si-

1266 1841 1352 1865 mus
1369 1857 1380 1875 ,
1410 1828 1456 1865 de
1475 1826 1563 1865 solis
1583 1835 1746 1880 quatuor
1766 1828 2009 1880 Evangeliis,
2040 1829 2216 1871 Matthaei
2232 1863 2243 1882 ,
2273 1830 2380 1872 Mar-

1269 1881 1304 1918 ci
1322 1910 1332 1928 ,
1362 1880 1503 1928 Lucae,
1533 1879 1568 1916 δε
1596 1881 1752 1918 Joannis
1781 1895 1959 1933 agemus,
1999 1886 2037 1922 in
2067 1885 2210 1937 quibu-s
2233 1887 2380 1925 ,nedum

1271 1932 1457 1971 miracula
1475 1963 1486 1980 ,
1517 1931 1551 1968 ἃ
1579 1935 1764 1972 vaticinia
1792 1935 1880 1972 Jesu
1897 1936 2061 1985 Christi,
2091 1939 2154 1976 sed
2184 1942 2377 1982 notissima

1270 1987 1387 2024 etiam
1416 1984 1573 2024 Divinae
1603 1987 1724 2040 ipsius
1755 1986 1946 2027 Doaetrinae
1985 1992 2112 2043 capita
2141 1985 2381 2032 continentur

1271 2038 1330 2092 (b)
1352 2065 1364 2078 .
1408 2037 1456 2078 Et
1483 2052 1576 2078 cum
1612 2049 1737 2080 nostra
1775 2041 1986 2094 disputatio
2014 2047 2054 2082 in
2082 2048 2378 2097 praesentiarum

1351 2120 1355 2123 -
2199 2116 2205 2122 ·
2247 2109 2330 2138 tau—

1266 2213 1424 2250 genuus‚
1449 2204 1481 2237 8(
1507 2201 1663 2239 sincerus
1679 2227 1690 2246 ‚
1715 2214 1754 2240 ut
1779 2202 1892 2240 videri
1917 2206 2020 2249 vult,
2044 2207 2158 2254 reipsa
2183 2217 2297 2252 esset,
2324 2220 2381 2244 re·

1266 2252 1374 2285 ticet-e
1401 2263 1468 2284 non
1487 2250 1686 2292 debuisset,
1711 2255 1838 2287 milltes
1863 2253 1971 2287 etiarn
1997 2267 2016 2288 a
2043 2256 2171 2288 nostris
2194 2258 2303 2290 fuisse
2320 2267 2379 2290 re-

1266 2309 1432 2343 sponsum
1448 2319 1459 2338 ,
1485 2299 1627 2341 &piane
1641 2297 1920 2333 demonstratum
1934 2322 1945 2340 ‚
1970 2309 2090 2333 nostra
2104 2300 2265 2346 dogmata
2285 2312 2378 2336 sem-

1264 2356 1327 2389 per
1351 2345 1458 2377 fuisse
1478 2343 1611 2378 credita
1631 2346 1666 2378 in
1693 2358 1731 2379 ea
1749 2343 1907 2380 Ecclesia
1923 2367 1933 2386 ,
1959 2359 2037 2392 quae.
2063 2348 2256 2381 innumeris
2269 2350 2379 2383 'Chri—

1265 2392 1337 2431 sti,
1362 2391 1607 2434 Apostolorum
1625 2413 1635 2432 ‚
1668 2393 1886 2436 aliorumque
1910 2394 2149 2437 plurimorum
2176 2397 2380 2430 Sanctorum

1264 2437 1445 2470 miraculis
1465 2446 1516 2470 est
1543 2437 1718 2471 illustrata
1736 2463 1743 2470 .
1769 2438 1835 2472 Sed
1860 2439 2007 2473 sufficiat
2033 2440 2097 2473 hoc
2124 2443 2296 2485 specimen
2316 2455 2374 2475 ea-

1264 2495 1345 2516 rum
1371 2483 1606 2527 ineptiarum,
1631 2486 1663 2516 &
1688 2485 1970 2527 calumniarum,
1994 2498 2071 2532 quae
2099 2487 2172 2519 sine
2197 2487 2378 2523 stomacho

1264 2530 1332 2574 legi
1360 2541 1426 2562 non
1453 2539 1618 2574 possunt.
1675 2532 1679 2536 '

1315 2576 1361 2614 th)
1393 2577 1665 2618 Evangeliorum
1677 2575 1881 2612 av'Sfrrt'on
1896 2577 2012 2623 plures
2027 2591 2067 2612 ex
2081 2577 2258 2614 modernis
2273 2591 2377 2626 pseu-

1262 2619 1543 2668 tlo-philosophis
1569 2624 1776 2668 impugnare
1801 2626 1916 2658 conati
1944 2635 2050 2666 sunt;
2076 2635 2115 2659 ut
2143 2630 2257 2660 auetor-
2282 2625 2325 2661 (Ze
2351 2630 2377 2662 ι’

1264 2671 1433 2714 Αηαζγςε
1458 2670 1502 2701 de
1527 2671 1562 2702 Ia
1589 2667 1664 2703 Rel.
1684 2669 1834 2704 Chrem-
1859 2675 1973 2704 εωᾶοῐ·
1998 2673 2081 2705 item
2108 2674 2172 2705 (les
2198 2680 2375 2718 questions

1265 2714 1598 2760 Encrcoplerliques
1618 2718 1761 2749 &c.&c-
1787 2714 1851 2748 Sed
1877 2729 1997 2751 omnes
2024 2729 2206 2764 superasse
2232 2720 2374 2754 videtur

1264 2762 1380 2796 Nicol.
1401 2762 1585 2802 mereins,
1611 2763 1683 2794 sive
1702 2759 1947 2806 aliusquidam
1962 2787 1971 2804 ,
1996 2766 2055 2809 qui
2075 2765 2139 2799 sub
2156 2766 2234 2810 ‘ejus
2262 2767 2375 2801 nomi-

1263 2819 1307 2841 ne
1334 2820 1414 2842 ann·
1447 2807 1549 2851 1767.
1575 2808 1903 2853 pestilentissimum
1930 2808 2037 2844 edidit
2055 2823 2142 2857 opus
2161 2812 2371 2859 inscriptum

1265 2854 1421 2888 Examen
1445 2858 1593 2898 critique
1617 2857 1680 2888 cles
1706 2855 1934 2899 Apologistes
1962 2859 2005 2890 cle
2031 2860 2066 2892 la
2099 2858 2248 2903 religion
2275 2860 2376 2894 chre-

1264 2905 1406 2940 tienne,
1432 2901 1467 2933 in
1493 2900 1594 2945 cujus
1620 2902 1744 2946 primis
1768 2903 1946 2946 capitibus
1971 2903 2252 2938 demonstratum
2285 2918 2377 2940 nun-—

1265 2959 1372 2992 quam
1399 2947 1504 2979 fuisse
1523 2947 1723 2987 contendit,
1750 2946 1942 2993 Evangelia
1959 2961 2032 2983 esse
2051 2952 2216 2995 genuinos
2230 2963 2373 2993 eorum,

1267 3004 1417 3038 quorum
1445 2994 1584 3026 nomina
1612 2995 1828 3038 praeferunt,
1855 2997 1980 3029 foetus.
2009 2996 2110 3030 Hunc
2128 2996 2260 3032 librum
2281 3000 2374 3032 illico

1267 3040 1468 3073 confutavit
1494 3040 1676 3084 Bet-getius
1702 3041 1738 3074 in
1760 3050 1885 3085 opere:
1910 3044 1946 3076 la
1964 3042 2136 3078 certitude
2154 3045 2217 3078 cles
2234 3057 2372 3089 preuves

1265 3088 1312 3120 du
1338 3086 1609 3119 Christianisme
1636 3087 1780 3120 Parisiis
1806 3087 1913 3132 ³767·
1943 3089 2020 3123 Post
2046 3099 2163 3124 autem
2189 3091 2371 3136 peculiari-

1267 3141 1321 3166 ter
1357 3129 1539 3172 ·yrm-io‘rflw
1569 3133 1843 3178 Evangeliorum
1881 3143 2004 3169 contra
2030 3133 2212 3170 Frereturn
2250 3136 2371 3169 confir-

1265 3179 1431 3214 mandam
1450 3187 1675 3225 susceperunt
1694 3176 1763 3213 duo
1781 3179 2003 3215 Dominicani
2017 3204 2027 3223 ‚
2054 3184 2088 3216 Ρ.
2104 3184 2265 3216 Vincent.
2289 3181 2370 3213 Fas-

1269 3226 1336 3259 sini
1363 3228 1397 3260 in
1426 3225 1534 3261 Libro
1558 3226 1728 3270 singulari
1755 3224 1812 3260 De
1835 3231 2030 3270 apostoliea
2053 3233 2189 3272 origine
2213 3226 2369 3270 Evange-

1267 3275 1390 3306 [iorum
1411 3271 1580 3307 Ecclesia
1595 3271 1788 3306 Catholicae
1810 3274 1956 3308 Liburni
1981 3274 2081 3318 1775.
2110 3278 2139 3305 &
2164 3272 2204 3304 de
2230 3273 2369 3316 religio-

1267 3329 1310 3352 ne
1334 3318 1516 3355 Catholica
1538 3319 1671 3365 optime
1708 3320 1856 3353 meritus
1893 3321 1928 3353 P.
1957 3323 2082 3354 Ατιιοη.
2111 3316 2292 3351 Valsecchi
2331 3319 2366 3351 in
