2564 3706
1018 93 1113 141 DE,
1133 93 1518 139 TRADITIONE
1538 123 1551 136 .

160 184 223 211 cos
250 185 326 210 esse
353 186 376 210 a
403 171 518 209 sacris
545 166 793 223 scriptoribus
821 170 954 211 divino
991 173 1148 213 afflante
1177 174 1264 225 Spi-

159 226 235 264 ritu
263 224 528 272 elucubratos,
558 238 635 274 qua
663 225 876 272 credimus,
906 226 1094 279 Iliadem,
1124 237 1189 266 aut
1204 228 1264 265 AE·

159 279 309 316 neidem
339 277 386 314 ad
414 290 475 313 eos
503 276 669 315 austores
681 280 889 330 qim-tinere
907 309 917 327 ,
947 295 1110 332 quorum
1140 282 1262 318 nomi-

156 345 205 369 na
232 330 506 382 praeseferunt3
536 331 569 366 &
599 344 671 369 non
701 334 824 384 potius
853 333 982 371 divina
1000 364 1010 382 ,
1039 344 1261 386 supernatu-

155 382 307 436 ralique
331 382 411 421 -fide
440 393 586 421 certum
615 398 692 422 esse
720 386 897 423 omnibus
925 387 1086 435 debeat,
1125 388 1259 425 iisdem

157 436 330 475 divinam
368 436 666 486 revelationem,
708 439 955 492 divinamque
998 439 1258 479 auctoritwem

148 490 337 528 >contineri
367 490 430 540 (a)
454 516 467 528 .

209 545 363 596 29.·Ad
393 543 475 581 haec
506 557 595 582 cum
628 544 843 583 Adversarii
887 545 1033 584 nullam
1063 546 1113 584 ali
1132 562 1179 583 un
1214 547 1256 585 fi«

149 595 210 634 dei
232 607 366 635 nostrae
389 596 560 648 regulam
583 608 807 649 agnoscant,
838 600 907 637 nisi
938 600 1086 637 divinos
1117 601 1255 647 lib-sos,

152 650 344 688 undenam
374 650 465 688 fidei
495 651 669 703 dogmata
701 651 876 699 haurire,
907 661 970 690 aut
999 653 1162 704 probare
1192 667 1258 705 po-

152 705 308 751 terunt,
335 705 365 742 si
386 703 526 755 aliquis
554 718 614 742 eos
645 704 761 742 libros
791 719 866 742 esse
895 708 1079 756 genuinos
1098 737 1108 753 ,
1140 706 1172 742 8(
1190 720 1257 744 au·

151 754 332 794 thenticos
353 787 364 804 ,
396 758 582 809 impune,
620 757 654 794 ἃ
683 759 777 796 citra
807 757 895 796 fidei
924 757 1113 810 jafiuram
1141 773 1255 810 nega-

149 820 191 846 re
221 809 367 861 possit?
629 820 633 824 ’

202 862 267 901 50.
300 863 472 902 Alterum
502 878 591 903 vero
632 877 781 903 merum
820 862 1013 914 sophisma
1042 872 1119 901 est:
1162 877 1252 901 nam

147 917 341 968 principia
371 917 537 969 alicujus
565 919 734 955 scientiae
763 930 840 954 nou
861 915 1099 966 probantur,
1130 930 1252 967 quan-

145 969 193 1005 do
213 969 271 1007 vel
296 984 362 1021 per
391 984 428 1008 se
459 971 660 1021 perspicua
689 978 799 1015 sunt,
830 966 889 1004 vel
907 967 956 1004 ab
986 967 1063 1005 alia
1093 971 1251 1006 scientia

144 1030 231 1061 sunt
259 1023 537 1068 demonstrata3
566 1030 602 1059 at
631 1033 720 1058 vero
749 1021 795 1057 de
822 1019 1016 1058 librorum
1046 1023 1250 1059 canonico-

143 1087 232 1112 rum
271 1075 489 1122 authentia,
533 1073 567 1110 &
595 1074 844 1125 inspiratione
873 1072 907 1109 8<
935 1073 1058 1112 multa
1100 1073 1180 1126 jam
1212 1089 1249 1112 e-

138 1136 245 1166 xorta
273 1137 360 1166 sunt
389 1128 507 1165 dubia
524 1157 534 1174 ,
564 1126 600 1164 8<
619 1126 695 1164 alia
713 1127 851 1164 exoriri
883 1136 1065 1178 possunt,
1095 1128 1141 1166 ad
1159 1142 1247 1180 quae

140 1178 306 1217 tollenda
349 1179 453 1218 nulla
483 1180 560 1218 alia
589 1189 640 1218 est
670 1181 759 1228 via,
803 1193 921 1231 quam
952 1181 1128 1229 traditio,
1172 1196 1248 1233 qua

137 1231 218 1270 sola
241 1234 465 1272 eorumdem
496 1250 588 1285 yumr
616 1230 735 1274 ικίτης
765 1242 926 1272 constet.
983 1277 986 1280 ,

191 1286 255 1325 3¹.
287 1287 346 1325 Ad
374 1288 528 1325 tertium
547 1313 558 1324 .
587 1287 673 1325 Non
703 1299 884 1337 negamus
906 1287 1064 1340 quidem
1085 1300 1165 1326 esse
1186 1303 1246 1327 sa—

135 1340 217 1376 cris
239 1339 351 1378 libris
379 1342 487 1393 quasi
518 1341 702 1392 impressa
729 1341 871 1378 divinae
893 1342 1150 1393 inspirationis
1181 1356 1243 1381 ve-

134 1393 269 1443 stigia,
307 1394 450 1445 quibus
478 1393 528 1431 ab
557 1393 642 1432 aliis
671 1393 960 1440 discernantur-3
1005 1395 1068 1432 sed
1099 1395 1137 1432 id
1167 1409 1242 1434 non

133 1445 186 1483 ita
215 1445 456 1494 luculenter,
486 1446 520 1482 ἃ
549 1456 649 1484 certo
678 1455 850 1494 constat,
881 1457 921 1484 ut
941 1449 1128 1500 possimus
1158 1462 1241 1497 eos,

132 1499 202 1549 qui
232 1500 399 1552 idipsum
432 1499 679 1547 inficiantur,
709 1500 755 1537 ad
788 1502 922 1539 incitas
951 1502 1150 1553 redigere,
1180 1503 1240 1540 ni-

131 1554 162 1590 si
193 1553 232 1590 in
261 1553 475 1592 subsidium
520 1553 724 1591 advocetur
766 1554 947 1602 traditio,
991 1555 1240 1606 quemadmo-

130 1605 224 1642 dum
253 1608 367 1645 etiam
397 1607 531 1659 priscis
559 1605 796 1657 temporibus
825 1606 968 1644 fastum
999 1616 1076 1644 est.
1106 1608 1154 1645 Et
1181 1623 1240 1645 sa·

129 1671 175 1696 ne
204 1662 290 1712 quis
318 1673 394 1697 non
424 1661 582 1697 miretur
603 1688 613 1706 ,
645 1658 690 1697 ad
722 1658 818 1697 hauc
847 1662 1129 1712 responsionem
1151 1674 1239 1700 con-

130 1712 262 1762 fugere
291 1713 519 1764 Bastiagium
537 1742 547 1760 ,
578 1725 667 1750 cum
698 1712 843 1750 ibidem
874 1716 1018 1765 (num.
1042 1714 1144 1763 αι.)
1175 1728 1237 1751 νε-

128 1766 238 1803 ritate
267 1765 422 1804 adustus
451 1766 577 1813 dicat,
621 1778 696 1803 non
725 1766 904 1804 omnibus
933 1766 1044 1805 libris
1081 1769 1235 1806 canoni—

131 1819 186 1856 cis
213 1818 308 1856 olim
337 1819 503 1857 debitam
534 1819 818 1856 venerationem
850 1820 964 1858 fuisse
994 1819 1236 1870 adhibitam,

127 1880 284 1921 propter
312 1871 554 1910 obscuriores
582 1871 797 1910 divinitatis
826 1872 983 1911 notas?
1013 1872 1070 1925 (b)
1088 1901 1098 1912 .

183 1924 248 1963 52.
277 1923 422 1962 Praetet‘
447 1926 638 1963 Canonem
680 1927 957 1977 scripturarum
996 1926 1119 1965 multa
1149 1934 1234 1965 sunt

121 1975 229 2025 alia,
267 1990 355 2028 quae
386 1977 632 2015 Protestantes
661 1977 860 2015 nobiscum
892 1978 1075 2026 credunt,
1104 1980 1146 2016 in
1173 1994 1232 2017 sa-

121 2031 197 2067 cris
226 2040 352 2068 autem
380 2029 514 2068 litteris
543 2039 606 2068 aut
648 2029 891 2079 nullatenus,
935 2040 999 2069 aut
1028 2031 1162 2070 saltem
1193 2047 1233 2071 a-

126 2091 230 2135 perte
258 2097 332 2123 non
361 2084 644 2123 continentur.-
669 2082 902 2139 Hujusmodi
933 2093 1019 2123 sunt
1047 2093 1233 2138 perpetua

171 2248 220 2284 (a)
249 2244 288 2278 ld
313 2243 456 2290 quidem
484 2242 726 2288 imprudenter
744 2243 874 2278 excidit
892 2244 999 2277 etiam
1019 2245 1126 2278 Henr.
1148 2245 1233 2278 Hot-

121 2289 211 2325 deno
233 2294 276 2326 de
304 2294 512 2325 resolutione
537 2289 640 2323 Fidei
667 2291 744 2323 Lib.
773 2292 797 2322 Ι.
824 2291 930 2335 capit.
956 2291 988 2333 4.
1016 2302 1093 2335 pag.
1113 2292 1170 2333 43.
1196 2304 1232 2323 e-

121 2336 186 2370 dit.
211 2339 320 2371 Paris.
348 2339 382 2370 in
409 2337 442 2370 8·
469 2348 549 2368 ann.
578 2336 681 2379 1767.
718 2336 789 2368 imo
815 2340 846 2368 &
873 2338 940 2370 alia
980 2338 1146 2370 nonnulla
1171 2336 1229 2370 hic

121 2387 236 2417 ειιιᾶοι·
263 2384 418 2428 adjecit,
441 2382 569 2427 quibus
596 2384 787 2427 Scripturae
813 2394 920 2418 sacrae
945 2382 1152 2427 dignitatem
1171 2382 1231 2416 ‹le-

146 2430 273 2461 rimere
298 2430 392 2462 visus
418 2437 493 2468 est,
530 2437 568 2462 ut
597 2428 794 2463 traditionis
820 2441 888 2462 non
915 2431 1056 2475 scriptae
1083 2430 1230 2463 auetori-

110 2440 228 2508 {atem
252 2475 462 2514 extolleret3
487 2473 527 2507 de
553 2475 680 2519 quibus
705 2475 833 2509 merito
858 2476 1088 2522 reprehensus
1115 2486 1166 2510 est
1185 2476 1228 2510 ab

118 2522 325 2565 Argenti-zo
350 2520 434 2554 ibid.
461 2531 538 2565 pag.
556 2521 638 2562 453.
666 2523 697 2552 δε
722 2532 793 2564 seq.

162 2568 210 2606 (b)
234 2566 308 2599 Nec
335 2567 481 2599 refutari
508 2575 662 2600 meretur
689 2567 877 2609 singularis
902 2567 1026 2601 Franc.
1049 2569 1229 2602 'Puri-etti·

115 2613 151 2646 ni
179 2613 383 2658 responsi0‚
408 2614 468 2656 qui
495 2614 531 2646 iu
555 2612 709 2646 Institut.
735 2611 855 2647 Theol.
874 2611 1055 2647 Elem‘licae
1075 2616 1166 2650 Loco
1184 2618 1226 2649 H.

115 2667 241 2703 quaest.
272 2659 326 2692 16.
351 2660 540 2703 Scripturas
568 2658 792 2693 traditionem
819 2672 837 2692 a
864 2659 1050 2693 traditione
1077 2662 1226 2696 aliorum

115 2705 319 2749 dogmatum
344 2706 475 2739 secerni
504 2706 603 2746 vult,
640 2707 723 2749 quia
751 2706 809 2738 illa
835 2715 885 2738 est
902 2708 1094 2750 formalis,
1133 2712 1164 2740 δε
1188 2722 1225 2741 ιι-

116 2754 228 2792 aiva,
254 2753 286 2783 &
312 2750 513 2796 hujusmodi
540 2750 744 2786 traditiones
764 2750 900 2785 admitti
922 2765 1018 2798 posse
1045 2753 1224 2795 concedit5

114 2797 192 2830 aliae
218 2805 336 2831 autern
360 2808 441 2832 sunt
464 2803 631 2843 passiuae,
656 2802 687 2831 &
713 2801 936 2837 materiales;
963 2802 993 2831 &
1019 2799 1080 2833 has
1107 2802 1226 2845 explo-

115 2841 246 2877 dendas
272 2855 344 2878 esse
368 2845 469 2879 vult.
496 2846 542 2878 Ut
568 2846 660 2879 enim
688 2854 864 2879 taceamus
891 2844 931 2878 de
955 2845 1020 2878 hac
1046 2846 1224 2888 inaudita,

118 2893 151 2922 δι
176 2901 301 2935 parum
319 2891 533 2935 intelligibili
550 2891 790 2933 ‹lis-tinctione,
817 2893 918 2925 facile
937 2901 988 2925 est
1005 2891 1224 2926 demonstra-

115 2944 180 2976 tu,
216 2935 335 2970 eodem
361 2936 464 2971 modo
487 2937 581 2971 credi
607 2947 646 2972 ut
670 2938 796 2984 dogma
824 2938 901 2973 fidei
928 2948 1080 2983 ‹piatuor
1104 2941 1223 2973 Evan-

113 2983 203 3027 gelia
228 2995 302 3016 esse
326 2980 474 3017 verbum
499 2985 591 3025 Dei,
616 2997 655 3017 ac
680 2985 869 3019 credantur
894 2995 1008 3018 cetera
1033 2984 1193 3030 dogmata
1209 3009 1220 3027 ‚

113 3038 152 3062 nt
178 3028 322 3074 proinde
348 3030 376 3062 si
402 3031 555 3075 primum
581 3029 734 3065 creditur
759 3044 800 3065 ex
827 3033 900 3066 sola
927 3030 1111 3066 traditione
1128 3055 1139 3073 ‚
1174 3045 1222 3066 εε-

113 3087 222 3121 quum
249 3076 320 3116 sit,
346 3075 507 3121 quaedarn
531 3077 599 3110 alia
623 3077 788 3111 similiter
813 3078 930 3113 credi.

161 3126 209 3160 (c)
235 3121 551 3168 Paedobaptismum
577 3136 619 3157 ex
658 3125 804 3170 antiqua
838 3124 1024 3158 traditione
1050 3125 1217 3159 Ecclesiae

109 3168 333 3211 potissimum
367 3171 492 3214 repetit:
520 3171 554 3202 S.
579 3171 795 3214 Augustinus
821 3173 861 3205 L.
888 3172 949 3205 IV·
983 3174 1026 3205 ‹le
1051 3172 1217 3215 baptismo

111 3224 187 3257 cap.
213 3215 270 3256 24.
296 3224 397 3249 utens
424 3217 483 3249 illa
507 3218 652 3261 regula:
680 3220 766 3262 quod
792 3222 950 3252 universa
974 3226 1065 3252 tenet
1089 3218 1218 3253 Eccle-

111 3263 166 3301 sia
179 3281 191 3300 ,
217 3273 278 3294 nec
303 3265 467 3296 conciliis
486 3267 680 3297 institutum
695 3285 706 3304 ,
732 3266 796 3298 secl
810 3278 939 3309 semper
958 3273 1122 3299 retentum
1140 3274 1217 3304 est;

109 3310 251 3342 nonnisi
276 3313 475 3346 anctoritate
499 3313 692 3356 apostolica
710 3313 871 3348 traditum
888 3315 1074 3348 reilissime
1101 3314 1217 3347 credi-

2287 101 2368 154 139

1330 174 1511 224 Deiparae
1540 171 1748 224 Virginitas
1777 182 1906 213 contra
1934 174 2187 224 Helvidium,
2216 174 2431 214 substitutio

1331 227 1547 265 Dominicae
1580 227 1618 263 in
1648 225 1775 264 lo'cum
1805 228 1995 273 Sabbati3
2038 228 2187 267 licitum
2217 241 2293 267 esse
2322 242 2431 267 esum

1330 281 1552 328 sanguinis,
1581 291 1625 317 ac
1653 278 1824 317 suffocati
1853 293 1926 317 non
1955 281 2120 320 obstante
2140 281 2432 334 Apostolicoin-

1330 331 1510 378 tentiam
1552 346 1596 369 ac
1626 332 1864 384 potissimum
1896 332 2019 370 valere
2047 335 2282 387 baptismum
2311 335 2430 373 colla·

1328 396 1409 424 tum
1439 386 1489 424 ab
1518 385 1744 432 Haereticis‚
1786 384 1975 436 malisque
2005 386 2247 436 hominibus,
2290 402 2334 427 ac
2364 403 2429 427 va·

1330 439 1406 476 lere
1439 452 1594 491 quoque
1623 439 1800 477 eumdem
1829 438 2062 489 baptismum
2091 440 2270 478 collatum
2300 443 2428 494 pueris

1329 503 1414 531 ante
1437 507 1545 530 usum
1567 494 1721 531 rationis
1738 522 1749 540 ,
1778 491 1812 528 8(
1829 505 1895 544 per
1912 490 2030 528 solam
2044 505 2156 542 aquae
2172 494 2399 533 infusionem
2413 518 2428 533 0

1382 546 1445 584 53.
1476 547 1522 583 Et
1552 555 1738 598 quantum
1768 545 1814 583 ad
1857 543 1959 582 hunc
1999 544 2181 595 baptismi
2224 545 2391 585 valorem
2415 571 2426 590 a

1326 601 1460 636 intrito
1489 599 1660 637 Nicolius
1690 603 1706 650 (
1736 598 1849 636 Tom.
1871 598 1919 635 lt.
1949 596 2017 634 des
2054 610 2204 635 aeuvres
2246 598 2294 636 tle
2333 612 2426 637 con-

1327 661 1421 690 trov.
1452 652 1514 690 ch.
1542 653 1648 703 ¹7·*)
1681 652 1834 703 urgebat
1865 650 2106 690 I'rotestantes
2125 681 2136 699 ‚
2165 664 2248 699 eos,
2278 649 2426 702 ieje-&is

1327 706 1618 754 traditionibus,
1662 705 1770 744 nullo
1812 705 1923 743 modo
1950 718 2029 743 esse
2057 705 2102 742 de
2131 718 2198 743 suo
2239 705 2426 757 baptismo

1325 772 1475 809 securos
1497 786 1506 796 .
1550 759 1648 797 Nam
1679 761 1806 811 primo
1833 771 1964 796 omnes
1992 759 2030 796 in
2061 758 2217 797 infautia
2245 757 2425 810 baptizati

1323 820 1436 856 sunt3
1483 821 1518 849 at
1548 826 1636 850 vero
1666 812 1952 865 Anabaptistae,
1982 812 2049 864 qui
2078 811 2426 864 paedobaptismum

1321 875 1526 914 respuunt,
1556 879 1757 918 nunquam
1787 874 1990 917 potuerunt
2019 867 2224 917 expressis,
2254 874 2365 916 atque
2385 881 2427 902 a·

1320 918 1437 965 pertis
1451 918 1738 968 Scripturarum
1765 920 1988 957 testimoniis
2003 918 2178 957 convinci
2207 918 2288 969 (c).
2309 918 2422 957 Praet.

1319 969 1463 1007 Omnes
1484 972 1625 1020 pariter
1645 971 1823 1023 baptizati
1844 981 1928 1009 sunt
1957 985 2024 1024 per
2044 985 2154 1024 aquae
2175 971 2420 1020 effusionem,

1319 1020 1352 1056 8<
1383 1035 1456 1060 non
1493 1036 1561 1072 per
1602 1024 1916 1070 immersionem3
1958 1039 2048 1062 cum
2088 1034 2215 1064 tamen
2259 1024 2420 1063 verbum

1317 1075 1507 1122 βαπτίζω
1536 1074 1682 1113 denotet
1710 1077 2024 1123 immersionem3
2054 1091 2120 1116 nec
2142 1077 2256 1116 ullibi
2275 1077 2423 1129 legatur

1318 1126 1355 1162 in
1384 1127 1501 1164 sacris
1529 1125 1661 1165 litteris
1691 1141 1795 1180 posse
1817 1130 2070 1167 indifferenter
2099 1130 2339 1181 infusionem
2357 1133 2422 1169 ad*

1317 1177 1476 1228 hiberi,
1505 1190 1571 1219 aut
1598 1185 1897 1219 immersionem
1915 1212 1925 1229 ,
1963 1182 1997 1218 8<
2025 1182 2147 1220 solum
2181 1182 2252 1220 hoc
2281 1193 2421 1221 constet

1316 1245 1360 1269 ex
1392 1246 1460 1270 usu
1478 1262 1489 1281 ,
1519 1233 1554 1270 &
1584 1235 1781 1273 traditione
1811 1234 1992 1274 Ecclesiae
2010 1261 2020 1273 .
2051 1234 2206 1273 Tertio.
2249 1235 2420 1282 Quomo—

1315 1285 1363 1322 do
1392 1298 1438 1323 ex
1478 1286 1568 1325 solis
1596 1290 1713 1326 sacris
1741 1288 1875 1326 litteris
1917 1287 2137 1340 probabunt
2177 1288 2419 1337 adversarii,

1312 1336 1547 1390 baptismum
1575 1340 1625 1379 ab
1653 1341 1855 1379 Haereticis
1902 1341 2084 1379 collatum
2126 1355 2205 1380 esse
2241 1341 2418 1381 validum

1312 1391 1373 1441 (cl)
1391 1391 1406 1430 ’ξ
1436 1391 1556 1431 Primi
1578 1403 1704 1433 autem
1726 1395 1897 1447 ipsorum
1918 1393 2043 1433 Patres
2063 1394 2252 1434 Lutherus
2267 1425 2279 1444 ,
2301 1395 2418 1434 Zuiu-

1308 1444 1435 1495 glius,
1477 1446 1689 1496 Calvinus,
1733 1447 1799 1486 alii
1831 1448 1979 1486 fuerant
2008 1447 2186 1499 baptizati
2215 1449 2255 1486 in
2285 1449 2418 1487 Eccle-

1309 1499 1365 1537 sia
1393 1498 1617 1550 catholica,
1659 1515 1776 1554 quam
1815 1500 2025 1539 multarum
2073 1499 2265 1538 haereseon
2311 1515 2416 1540 ream

1308 1565 1384 1590 esse
1414 1552 1572 1592 volunt.
1621 1554 1670 1593 Et
1698 1568 1787 1592 cum
1817 1553 1939 1592 multo
1980 1555 2106 1592 minus
2135 1566 2180 1591 ex
2209 1556 2326 1592 sacris
2353 1554 2415 1593 lit-

1311 1607 1401 1643 teris
1431 1615 1592 1656 constet,
1623 1607 1794 1647 validum
1825 1620 1901 1645 esse
1930 1606 2119 1659 baptisma
2150 1621 2172 1645 a
2201 1620 2271 1645 nou
2289 1608 2416 1661 bapti-

1305 1667 1386 1696 zato
1415 1659 1601 1699 collatum
1619 1690 1629 1709 ‚
1676 1674 1790 1698 nemo
1830 1660 2043 1712 baptizatus
2070 1660 2121 1699 ab
2150 1658 2228 1699 illis
2275 1662 2414 1712 primis

1306 1711 1476 1750 invalide
1504 1714 1704 1767 baptizatis
1734 1716 1867 1766 poterit
1897 1727 1973 1751 esse
2001 1714 2047 1751 de
2076 1726 2144 1751 suo
2184 1713 2414 1765 baptismate

1305 1774 1403 1803 tutus
1434 1765 1490 1816 (e)
1511 1793 1520 1804 .
1565 1768 1629 1806 Ad.
1653 1767 1737 1805 haec
1755 1797 1766 1815 ,
1796 1780 1886 1804 cum
1916 1766 2039 1818 aliqui
2069 1779 2201 1804 eorum
2231 1768 2412 1817 credant,

1304 1819 1542 1869 baptismum
1575 1836 1595 1859 a
1625 1820 1735 1858 laicis
1783 1819 1908 1859 valide
1953 1820 2117 1857 conferri
2160 1832 2231 1856 non
2274 1832 2408 1870 posse,

1303 1871 1425 1909 multo
1453 1874 1577 1924 magis
1604 1875 1802 1925 seqnitur,
1845 1874 1989 1923 primos
2026 1871 2411 1923 pseudo-reformato-

1302 1938 1387 1972 res,
1432 1926 1499 1975 qui
1528 1941 1550 1963 a
1579 1928 1714 1964 nostris
1743 1925 2011 1963 Sacerdotibus
2052 1925 2231 1977 baptizati
2274 1936 2409 1976 erant,

1301 1990 1378 2015 non
1408 1977 1523 2014 fuisse
1551 1977 1678 2016 valide
1714 1978 1945 2031 baptizatos,
1989 1991 2077 2014 cuin
2107 1987 2251 2016 nostros
2279 1978 2411 2018 Sacer-

1300 2030 1400 2068 dotes
1417 2059 1429 2076 ,
1471 2029 1504 2066 8<
1535 2030 1744 2084 Episcopos
1774 2030 1968 2084 appellent
1995 2027 2379 2085 pseudo-Episcopos
2396 2066 2407 2083 ‚

1300 2084 1349 2124 Θ*
1377 2083 1638 2135 Sacrificttlos
1654 2111 1666 2123 .
2288 2138 2353 2184 54·

1301 2253 1356 2278 τιιι·
1379 2244 1482 2277 Tom.
1512 2246 1574 2278 IX.
1613 2245 1686 2278 Irno
1711 2244 1802 2277 inter
1828 2242 2044 2277 adversarios
2069 2255 2136 2277 non
2162 2243 2263 2288 pauci
2289 2243 2405 2288 paedo-

1298 2291 1517 2335 baptismum
1545 2300 1604 2324 aut
1628 2292 1767 2330 solum,
1803 2299 1861 2323 ant
1889 2290 2110 2334 potissimum
2133 2301 2175 2322 ex
2212 2288 2402 2326 traditione

1298 2345 1488 2381 repetunt,
1514 2345 1549 2370 ut
1579 2338 1632 2370 Jo.
1661 2336 1879 2381 Lightfootus
1900 2337 1934 2368 in
1958 2335 2067 2368 Horis
2081 2335 2188 2368 llehr.
2210 2334 2251 2368 ad
2271 2337 2400 2371 Matth.

1299 2384 1358 2417 lli.
1385 2383 1418 2415 6.
1445 2387 1475 2415 ἃ
1502 2386 1594 2417 Sam.
1623 2384 1811 2426 Basnngius
1837 2384 1872 2415 in
1891 2383 2083 2416 Annalibus
2106 2382 2403 2426 politico-Eccle-

1300 2433 1459 2463 siasticis
1485 2429 1527 2464 ad
1555 2442 1686 2463 annum
1712 2429 1844 2463 Christi
1873 2426 1929 2471 αξ).

1343 2477 1395 2516 (cl)
1422 2475 1513 2510 idem
1541 2478 1574 2509 S.
1590 2477 1805 2520 Augustinus
1830 2473 1946 2508 eodem
1960 2485 2060 2520 opere
2076 2475 2118 2508 de
2142 2476 2307 2519 baptismo
2322 2476 2401 2510 Lih.

1296 2523 1340 2556 V.
1367 2533 1441 2567 cap·
1468 2525 1522 2556 23.
1550 2522 1590 2555 de
1617 2523 1731 2556 valore
1758 2522 1923 2566 baptismi
1951 2522 2201 2554 Hau-eticorum
2230 2522 2400 2565 loquens,

1295 2570 1485 2613 Apostoli,
1524 2570 1664 2614 inquit,
1705 2569 1797 2602 nihil
1823 2569 1956 2612 quidem
1992 2569 2119 2601 exinde
2151 2577 2399 2612 praeceperunt.

1296 2617 1371 2649 Sed
1395 2619 1558 2650 miraculo
1585 2618 1648 2649 illa
1665 2638 1675 2655 ‚
1704 2628 1767 2659 {711ae
1792 2617 2016 2658 opponebatur
2041 2615 2245 2659 Cypriane,
2277 2616 2317 2648 ab
2341 2628 2400 2648 eo·-

1295 2675 1366 2695 rum
1385 2665 1572 2696 traditione
1598 2664 1774 2695 exordium
1800 2666 1984 2705 sumpsisse
2010 2663 2182 2694 credenda
2205 2669 2281 2698 est;
2309 2665 2400 2696 sicut

1295 2717 1370 2741 sunt
1396 2711 1525 2749 multa,
1551 2722 1614 2753 quae
1641 2712 1796 2741 universo
1821 2716 1912 2740 tenet
1930 2707 2120 2747 Ecclesia,
2146 2713 2186 2740 (θ’
2211 2709 2251 2739 ob
2277 2709 2340 2741 hoc
2356 2710 2400 2742 ab

1293 2756 1479 2798 Apostolis
1504 2764 1667 2799 praceptu
1692 2755 1772 2787 bene
1806 2756 1989 2787 creduntur
2008 2776 2018 2793 ,
2054 2767 2232 2798 qimnquam
2267 2758 2397 2799 scripta

1294 2815 1357 2834 non
1384 2806 1598 2844 reperiantur
1613 2825 1620 2832 .

1344 2854 1390 2885 (et
1423 2849 1552 2882 lterum
1579 2849 1686 2881 San&
1702 2847 1802 2880 Pater
1821 2847 1855 2878 in
1876 2846 1982 2879 Libro
1995 2847 2033 2879 il.
2061 2855 2178 2881 contra
2196 2849 2297 2890 epist.
2313 2845 2397 2880 Par-

1292 2898 1441 2927 menioni
1466 2906 1540 2938 cap.
1565 2896 1618 2927 13.
1643 2895 1729 2926 Alia
1747 2896 1883 2937 ‹lnaestio
1910 2902 1983 2932 est,
2012 2894 2150 2937 inquit,
2174 2901 2280 2926 utrum
2300 2894 2395 2926 &ab

1292 2945 1366 2981 iis,
1393 2944 1447 2985 qui
1475 2953 1633 2985 nunquam
1648 2941 1793 2982 juerant
1813 2939 2032 2979 Christiani,
2057 2943 2170 2983 possit
2195 2941 2392 2984 baptismum

1290 2988 1391 3027 (lari,
1417 2999 1479 3020 nec
1503 2988 1635 3032 aliquid
1661 2994 1786 3019 temere
1813 2987 1893 3018 inde
1918 2987 2144 3028 affirmandum
2158 2994 2211 3018 est
2237 2990 2312 3018 sine
2336 2999 2391 3018 ati-

1289 3037 1444 3066 ilaritate
1470 3037 1557 3066 tanti
1577 3033 1728 3066 Concilii
1742 3053 1752 3071 ‚
1777 3041 1929 3077 quantum
1949 3041 2046 3065 tantae
2059 3036 2109 3066 rei
2129 3035 2267 3074 sufficit.
2296 3032 2391 3064 Hanc

1288 3080 1516 3123 quaestionern
1551 3091 1681 3118 rursus,
1705 3087 1820 3111 movet
1847 3079 1924 3112 Lib.
1953 3079 2029 3112 Vll.
2066 3080 2108 3112 cle
2135 3081 2289 3123 baptism.
2314 3087 2390 3119 cap.

1287 3125 1343 3158 53.
1363 3148 1373 3166 ‚
1400 3129 1431 3158 ἃ
1457 3124 1662 3170 respondet:
1691 3126 1790 3158 nobis
1816 3134 1919 3158 tutum
1944 3134 2022 3165 est,
2049 3130 2084 3158 in
2109 3139 2148 3159 ea
2167 3139 2229 3158 non
2246 3135 2385 3167 progre-

1285 3173 1322 3205 di
1349 3173 1463 3216 aliqua
1490 3173 1680 3206 temeritate
1707 3176 1905 3211 sententi-e,
1941 3185 2005 3216 ‹suae
2028 3176 2119 3207 rullo
2144 3177 2179 3205 in
2205 3170 2384 3202 catholieo

1284 3221 1455 3262 regionali
1476 3220 1645 3256 Concilio
1659 3226 1770 3262 coepta
1785 3241 1796 3259 ‚
1819 3221 1912 3252 nullo
1929 3221 2084 3262 plenario
2098 3221 2275 3252 tet-minuta
2291 3221 2383 3246 runt.

1284 3265 1455 3309 Quamvis
1481 3274 1599 3310 postea
1624 3265 1837 3309 baptismum
1864 3278 1882 3298 a
1911 3277 1976 3298 non
1997 3266 2171 3309 baptizato
2189 3263 2256 3294 rite
2279 3259 2390 3293 colla-

1285 3320 1360 3346 tuin
1387 3312 1454 3345 sibi
1481 3310 1638 3346 validum
1663 3310 1773 3346 videri
1799 3311 1944 3346 affirmet
1960 3333 1968 3343 .
2391 3327 2393 3331 .
