2564 3706
243 100 326 150 154

178 175 488 218 Acatholicorum
518 170 610 210 fides
638 170 687 209 iis
714 178 802 219 tota<
820 173 933 211 inniti
962 173 1093 221 debet,
1123 186 1211 210 cum
1230 182 1283 209 ta-

174 245 261 269 men
292 235 523 278 agnoscant,
565 238 706 264 omnes
735 224 914 264 homines
944 237 1094 264 natura
1123 239 1196 263 sua
1225 237 1285 262 es-

175 297 217 321 se
247 279 492 327 yllffllt'lrLCeS,
522 280 570 320 Θ
601 283 688 331 ipsa
717 285 896 319 vanitate
925 285 1137 323 5·‹zniot·es;
1167 286 1206 316 ut
1226 277 1283 314 lo·-

172 338 305 387 quitur
333 334 528 371 Confessio
557 347 690 372 eorum
720 333 872 386 Belgica
903 344 973 372 art.
994 333 1032 371 6.
1180 384 1188 391 ν

231 389 293 434 14.
323 387 382 426 Ex
412 387 553 440 quibus
581 388 761 426 omnibus
783 387 979 426 manifeste
1008 392 1280 436 consequitur,

173 447 281 482 riam
311 445 517 480 examinis
547 442 729 480 maximae
751 442 925 480 fidelium
948 438 1044 489 parti
1073 451 1151 475 esse
1174 450 1280 489 pror-

171 512 234 536 sus
255 495 534 549 impossibilem
554 526 564 545 ,
595 497 642 534 iis
662 506 786 533 autem
809 491 1048 546 paucissimis
1064 521 1074 539 ‚
1105 491 1173 543 qui
1194 504 1280 529 eam

171 552 344 589 insistere
373 559 552 603 possunt,
584 550 743 587 minime
772 561 849 584 esse
880 553 1024 582 tutam:
1054 553 1091 582 ut
1120 545 1281 597 proinde

171 604 305 643 fideles
345 617 477 642 omnes
508 617 579 640 non
611 602 687 639 alio
717 600 827 638 modo
855 611 931 636 esse
973 607 1114 650 queant
1144 600 1183 636 in
1214 612 1281 636 sua

169 658 268 708 fide,
311 658 344 695 8(
375 656 554 708 religione
584 655 732 701 securi,
762 666 884 703 quam
910 652 942 690 si
972 651 1177 691 infallibili
1206 651 1281 691 Ec-

169 713 298 752 clesiae
328 710 538 750 :infimitati
569 710 805 746 innitantur.

229 766 291 805 15.
321 764 540 803 Adversarii
583 775 671 799 cum
712 758 930 799 nullatenus
973 758 1122 799 valeant
1163 773 1200 798 se
1229 758 1280 799 ab

167 819 388 873 hujusmodi
420 816 567 868 laqueis
596 815 806 863 extricare,
836 826 902 852 nos
943 814 1079 853 iisdem
1108 814 1278 855 involve-

166 887 208 912 re
238 880 449 917 conantur,
492 868 624 906 eadem
655 878 879 920 argumenta
906 877 1036 907 contra
1065 881 1132 908 nos
1161 879 1278 908 retor-

167 935 348 980 quentes,
378 931 418 960 ut
439 921 658 970 ostendant,
691 923 824 961 eadem
856 935 1011 974 prorsus
1040 925 1182 961 ratione
1203 936 1277 962 non

166 994 272 1031 posse
292 992 356 1016 nos
386 985 465 1014 tuto
495 978 696 1027 pervenire
725 976 773 1014 ad
802 977 1058 1027 cognitionem
1090 977 1280 1016 infallibi-

166 1033 213 1070 lis
235 1031 418 1070 Ecclesia:
450 1028 711 1078 minoritatis,
741 1032 804 1069 cui
835 1039 1000 1068 nostram
1029 1031 1146 1069 fidem
1177 1045 1282 1070 com-

167 1088 384 1124 mittimus.
417 1083 548 1122 Primo
577 1086 709 1133 enim,
739 1085 947 1137 inquiunt,
975 1087 1197 1124 examinare
1218 1085 1282 1123 de-

166 1140 347 1179 beremus
365 1170 375 1187 ,
406 1153 453 1176 an
472 1136 646 1176 Ecclesia
665 1137 806 1176 Christi
824 1137 1027 1176 infallibili
1049 1138 1121 1176 hac
1142 1138 1283 1190 polleat

168 1192 414 1232 au&oritate:
458 1192 622 1230 secundo
664 1206 712 1230 an
743 1190 808 1229 illa
840 1191 1040 1240 Ecclesia,
1084 1206 1171 1244 quae
1210 1191 1282 1230 hoc

168 1261 368 1285 summum
397 1245 646 1298 privilegium
677 1245 749 1283 sibi
780 1247 975 1292 vindicat,
1005 1247 1051 1282 sit
1083 1245 1281 1293 Romana,

169 1301 232 1340 vel
261 1300 338 1339 alia
367 1299 548 1352 quaedam
577 1312 622 1335 ex
653 1299 698 1335 iis
740 1298 870 1335 multis
913 1298 1281 1346 communionibus,

168 1368 335 1407 quarum
365 1352 552 1405 quaelibet
579 1365 617 1388 se
646 1363 777 1389 veram
798 1350 939 1388 Christi
961 1350 1179 1390 Ecclesiam
1209 1365 1286 1390 esse

168 1407 307 1460 jastat:
338 1415 546 1456 utrumque
574 1413 704 1442 autem
731 1417 893 1442 examen
923 1418 1000 1442 esse
1029 1405 1192 1444 rudibus
1212 1407 1287 1444 im-

166 1459 377 1513 possibile,
408 1457 524 1496 doctis
553 1466 679 1496 autem
711 1458 873 1496 minime
892 1466 1015 1496 tutum
1034 1484 1043 1496 .
1076 1459 1178 1498 Hinc
1207 1459 1287 1498 col—

169 1514 320 1565 ligunt,
351 1513 382 1551 si
413 1514 476 1550 ria
506 1515 738 1560 examinis,
767 1521 808 1549 ut
837 1512 1117 1563 impossibilis,
1149 1513 1183 1550 &
1213 1515 1286 1552 mi-

169 1570 272 1606 nime
293 1576 372 1605 tuta
392 1564 591 1618 rejiciatur
607 1595 618 1614 ,
646 1564 979 1618 pyrrlzonismum
1000 1567 1040 1606 in
1061 1567 1287 1621 religionem

167 1620 300 1661 invehi
329 1629 502 1672 oportere
531 1618 596 1671 (a)
614 1645 625 1658 .

231 1675 291 1714 16.
323 1675 398 1714 Sed
426 1674 554 1726 primo
583 1681 712 1726 aperte
741 1672 893 1728 liquet,
924 1676 1028 1729 apud
1057 1689 1124 1716 nos
1154 1677 1285 1716 nonni-

166 1730 199 1769 si
228 1728 324 1767 hanc
353 1740 472 1766 unam
515 1741 593 1766 esse
635 1732 931 1783 controversiam
971 1731 1285 1780 discutiendam,

170 1783 272 1835 apud
303 1781 540 1821 adversarios
569 1790 697 1820 antem
741 1782 992 1835 innumeras,
1033 1799 1098 1824 eas
1139 1784 1299 1827 scilicet.

168 1849 301 1874 omnes
317 1866 328 1885 ,
356 1849 446 1888 quae
467 1835 638 1887 quotidie
659 1838 881 1877 exoriuntur
898 1870 908 1889 ,
939 1839 973 1876 8(
993 1853 1082 1892 quae
1111 1841 1285 1878 exorien-

169 1898 233 1928 tur
261 1891 302 1928 in
333 1897 551 1941 posterum.
599 1889 674 1927 Nos
702 1900 881 1942 superata
922 1892 995 1932 hac
1026 1894 1154 1945 prima
1183 1893 1284 1932 diffi-

168 1942 339 1991 cultate,
381 1942 431 1980 ab
460 1941 647 1981 Ecclesiae
690 1943 859 1982 oraculis
888 1947 1018 1984 omnia
1048 1945 1192 1995 facile,
1238 1961 1285 1994 ac

168 2005 249 2035 tuto
277 1997 478 2035 discimus:
508 1995 569 2034 illi
598 1996 639 2033 in
659 1995 839 2047 singulis,
870 2007 910 2036 nt
930 2000 984 2037 ita
1011 1999 1167 2048 dicam,
1196 2014 1281 2052 pas-

168 2051 276 2090 sibus
303 2063 404 2088 nova
420 2062 573 2102 semper
593 2078 605 2097 ,
635 2048 669 2085 8(
690 2049 969 2102 insuperabilia
998 2052 1198 2091 inveniunt
1217 2053 1286 2092 ob-

167 2103 338 2148 stacula3
382 2111 421 2140 ut
451 2102 612 2154 proinde
639 2101 701 2140 vel
731 2115 778 2140 ex
814 2102 889 2143 hoc
930 2106 1058 2157 capite
1100 2119 1286 2158 magnum

166 2164 351 2210 'appareat
376 2168 445 2193 nos
474 2156 600 2204 inter,
629 2168 673 2192 ac
703 2154 790 2193 illos
819 2157 1051 2197 discrimen.

229 2224 290 2261 17.
320 2209 470 2247 Deinde
499 2217 540 2249 nt
569 2220 864 2261 cognoscamus,
895 2225 1027 2251 veram
1047 2211 1190 2253 Christi
1210 2212 1286 2253 Ec-

167 2263 326 2303 clesiam
356 2261 558 2302 infallibili
587 2261 734 2316 pollere
763 2261 961 2315 judicandi
991 2265 1217 2307 minoritate
1247 2266 1309 2307 in'

171 2318 437 2357 controversiis
467 2316 587 2365 fidei,
617 2316 651 2354 8t
682 2330 834 2356 morum
863 2319 1114 2370 definiendis,
1144 2331 1286 2375 praeter

168 2372 420 2426 perspicuas,
463 2370 498 2407 8(
522 2372 668 2424 saepius
697 2372 852 2411 iteratas
878 2373 1022 2414 Christi
1064 2377 1286 2428 promissio-

168 2439 235 2464 nes
255 2456 266 2474 ‚
295 2424 356 2464 vel
377 2424 456 2463 sola
475 2425 637 2463 rudibus
653 2455 664 2475 ,
694 2424 859 2479 aliisque
885 2427 1064 2468 sufficere
1082 2439 1204 2481 potest
1224 2444 1288 2469 ve-

169 2480 379 2519 tustissima
401 2509 412 2529 ,
442 2478 476 2515 8(
505 2488 690 2532 perpetua
714 2478 890 2531 ejusdem
913 2480 1098 2522 Ecclesiae
1129 2497 1288 2522 consue-

171 2534 290 2583 tudo,
317 2547 398 2586 qua
427 2542 573 2571 exortas
602 2535 878 2573 controversias
908 2535 996 2573 fidei
1018 2536 1064 2574 ad
1086 2550 1198 2575 suum
1220 2540 1287 2576 tri-

169 2587 290 2626 bunal
319 2588 496 2636 vocavit,
527 2585 561 2623 8(
590 2588 767 2626 invocato
795 2587 963 2640 Spiritus
986 2588 1113 2629 Sanffi
1144 2591 1290 2630 auxilio

173 2642 374 2688 definivit3
420 2640 457 2678 8(
484 2642 539 2679 ita
567 2641 752 2694 quidem,
792 2651 836 2679 ut
878 2642 1011 2683 fideles
1041 2645 1089 2683 ad
1129 2644 1289 2698 plenam

170 2697 248 2735 tuis
276 2695 568 2734 definitionibus
595 2695 858 2748 praestandam
873 2696 1132 2737 obedientiam
1162 2701 1289 2753 adige-

177 2757 252 2795 τοῖς
293 2747 516 2789 relu'Eiantes
542 2762 636 2788 vero
663 2749 903 2789 anathemate
931 2766 1128 2805 percussos
1155 2768 1176 2792 e
1206 2756 1289 2793 sinu

175 2814 243 2839 suo
270 2803 448 2855 ejiceret.
494 2803 651 2842 Accedit
680 2806 796 2842 etiam
828 2804 888 2843 vel
917 2806 1003 2858 ipsa
1044 2821 1134 2847 sana
1163 2810 1259 2848 ratio
1277 2839 1288 2857 ,

177 2868 266 2906 quae
296 2857 406 2895 nohis
433 2856 575 2906 dietat,
600 2857 744 2896 vdebere
774 2859 945 2913 aliquem
967 2875 1192 2912 supremum
1212 2893 1222 2912 ,
1252 2862 1286 2900 8(

148 2930 151 2932 -
179 2907 431 2949 infallibilem
460 2922 536 2950 esse
578 2915 923 2952 controversiarum
966 2914 1165 2966 judicem,
1207 2918 1288 2956 sine

178 2974 257 3015 quo
285 2961 392 3001 nulla
420 2978 496 3004 esse
530 2974 652 3019 potest
679 2967 721 3005 in
750 2967 827 3007 fide
868 2969 994 3008 unitas
1015 2999 1026 3019 ,
1070 2970 1105 3008 &
1134 2984 1290 3010 concor-

226 3101 276 3139 (a)
305 3098 386 3152 Hoc·
416 3100 637 3144 potissimum
670 3105 776 3140 modo
800 3107 853 3141 Jo.
880 3106 1050 3142 Claudius
1075 3108 1148 3142 vim
1186 3119 1293 3154 argu-

180 3146 291 3178 menti
319 3145 386 3180 ⁵1h1
413 3159 432 3179 a
458 3147 647 3190 Bossneto,
687 3156 718 3184 δι
741 3154 882 3188 Nicolio
916 3156 1086 3200 propositi
1113 3155 1290 3190 declinare

177 3192 396 3226 conabatur.
420 3193 475 3227 Jo.
490 3204 607 3228 autem
623 3197 716 3230 Frid.
737 3200 841 3234 Cotta
866 3202 899 3234 in
923 3202 1095 3247 Supplem.
1123 3202 1164 3235 ad
1186 3204 1289 3236 Tom.

184 3240 264 3273 Xll.
291 3237 374 3272 Luc.
402 3240 553 3286 theolog.
580 3242 632 3274 Jo.
661 3245 832 3277 Gerhnrdi
861 3250 893 3289 ᾗ.
921 3250 974 3282 28.
1015 3259 1053 3283 ut
1080 3249 1169 3283 hanc
1196 3249 1288 3283 ‹liffi-

183 3286 353 3319 cultatem
379 3296 526 3330 augeat,
566 3288 664 3332 fingit
694 3289 858 3325 Ecclesiae
884 3308 994 3327 vocem
1020 3298 1054 3329 in
1080 3296 1290 3341 Pontificio-

181 3343 253 3365 ·rum
278 3341 473 3381 systemate
496 3343 566 3371 tam
591 3348 706 3383 vagum
720 3359 733 3379 ,
768 3346 868 3383 atque
891 3343 1077 3386 ambiguum
1102 3344 1290 3390 signfica-

817 90 966 136 PARS
1001 91 1056 136 II.
1088 89 1496 137 DISSERTATIO
1524 91 1583 136 11.
1617 91 1747 137 CAP.
1778 92 1814 138 Ι.

1351 171 1415 209 dia
1431 199 1442 218 ,
1471 171 1551 208 imo
1579 184 1647 209 nec
1675 172 1862 211 certitudo
1876 186 1897 225 3=
1917 170 1990 212 hoc
2010 180 2138 212 autem
2168 172 2357 226 judicium
2377 175 2466 214 nul=

1355 223 1384 260 li
1414 221 1678 272 aliimelius,
1709 224 1743 261 8(
1773 227 1889 263 tutius
1917 226 2035 266 tribui
2067 242 2172 280 posse
2192 260 2201 277 ‚
2231 243 2348 281 quani
2380 230 2466 267 nni*²

1350 288 1459 314 verso
1478 275 1664 320 Ecclesiae
1693 286 1888 329 pastorum
1918 282 2036 321 coetui
2055 307 2065 319 .
2096 283 2192 329 Quis
2221 284 2325 321 ellim
2355 282 2400 321 de
2432 284 2464 321 i-

1351 329 1419 383 pso
1447 338 1525 369 tam
1553 341 1775 383 arroganter
1803 341 2011 384 praesumat
2029 363 2039 381 ,
2068 333 2102 370 8(
2132 335 2260 374 credat
2278 366 2288 384 ,
2319 351 2355 374 se
2378 351 2464 389 pos·—

1351 398 1389 421 se
1411 383 1566 422 facilius
1582 398 1717 423 verum
1734 385 1946 437 Scripturae
1963 399 2111 424 sensum
2133 391 2279 441 assequi
2300 421 2310 438 ,
2341 402 2466 443 qoam

1349 445 1401 474 tot
1416 436 1601 476 Ecclesiae
1621 437 1746 477 Patres
1764 469 1774 487 ,
1805 448 1855 478 tot
1884 437 2051 478 Pastores
2070 469 2080 488 ,
2110 440 2143 477 8(
2161 441 2338 482 Doctores
2356 474 2365 491 ‚
2397 444 2467 497 qui

1348 490 1566 535 Ecclesiam
1588 491 1730 530 Christi
1750 507 1770 531 a
1793 494 1919 545 primo
1947 492 2030 546 ejus
2059 502 2141 532 ortu
2174 508 2292 547 usque
2323 499 2370 536 ad
2400 512 2465 537 no-

1350 553 1424 583 stra
1454 554 1627 598 tempora
1657 545 1918 596 illustrarunt,
1949 547 1983 583 8(
2011 547 2302 601 gubernarunt?

1409 598 1470 637 18.
1501 599 1615 648 Quod
1644 609 1771 638 autem
1802 599 1884 640 haec
1922 614 2021 644 vera,
2039 601 2258 640 Christiana
2288 602 2464 646 Ecclesia.

1349 652 1394 691 sit
1417 651 1798 702 Romano-catholica
1815 683 1825 703 ,
1855 654 1971 693 etiam
2002 655 2115 694 facile
2143 656 2423 695 demonstratur
2444 675 2467 698 a

1353 704 1558 759 Theologis
1586 720 1632 745 ex
1661 709 1782 757 notis,
1821 707 1856 745 8(
1885 707 2169 748 charasteribus
2198 724 2299 748 verse
2329 710 2466 752 Eccle-

1348 761 1415 798 siae
1434 787 1444 798 .
1488 759 1645 800 Interim
1675 769 1803 801 tamen
1826 792 1837 810 ,
1881 770 1921 800 ut
1949 775 2008 801 res
2037 764 2263 815 compendio
2301 774 2464 817 agatur,

1346 813 1508 853 rudibus
1536 813 1677 854 sufficit
1705 815 1874 855 breviter
1902 815 2129 865 observare,
2161 817 2269 857 illam
2290 833 2368 858 esse
2388 817 2464 862 Ec-

1345 866 1505 907 clesiam
1534 884 1557 908 a
1585 869 1736 908 Christo
1778 870 2008 918 fundatam,
2052 883 2139 923 quae
2183 884 2268 910 snos
2298 871 2465 911 Pastores

1347 933 1532 975 perpetua
1561 925 1657 962 serie
1687 937 1808 977 usque
1838 924 1885 963 ad
1916 922 2100 964 Sannum
2130 922 2286 962 Petrum
2334 940 2469 965 nurne-

1348 985 1433 1024 rat,
1463 991 1551 1029 quae
1583 978 1741 1030 proinde
1770 978 1953 1017 omnibus
1982 977 2070 1017 aliis
2100 978 2285 1017 Ecclesiis
2315 989 2367 1018 est
2397 994 2467 1018 an-

1347 1031 1517 1084 tiquior,
1565 1045 1654 1083 qnae
1684 1044 1760 1070 non
1788 1045 1834 1070 ex
1876 1033 2119 1085 separatione
2147 1031 2197 1070 ab
2226 1031 2360 1085 aliqua
2390 1034 2468 1073 alia

1351 1084 1514 1121 formata
1545 1085 1638 1131 fuit3
1668 1084 1732 1123 sed
1761 1088 1886 1138 potius
1914 1086 2004 1125 aliae
2035 1086 2188 1139 abipsa
2218 1100 2255 1125 se
2285 1101 2469 1140 separan-

1350 1144 1403 1174 tes
1434 1138 1608 1175 formatae
1641 1139 1822 1178 fuerunt.
1853 1139 1902 1178 Et
1932 1139 2004 1178 hoc
2033 1140 2127 1179 adeo
2158 1148 2285 1191 patens
2316 1150 2399 1190 est,
2429 1148 2471 1179 ut

1350 1191 1669 1241 quotiescumque
1711 1193 1921 1244 contingit,
1970 1193 2120 1246 aliquos
2163 1206 2208 1232 ex
2238 1195 2389 1243 variis,
2433 1193 2469 1231 &

1349 1242 1487 1279 multis
1509 1242 1837 1282 Heterodoxorum
1857 1244 1964 1284 sefiis
1993 1246 2140 1296 ejurata
2170 1246 2306 1286 haeresi
2335 1260 2470 1287 veram

1351 1294 1570 1334 Ecclesiam
1591 1309 1788 1349 quaerere,
1807 1310 1883 1337 non
1904 1299 1954 1338 ad.
1972 1297 2093 1337 aliam
2113 1301 2321 1350 accedant,
2351 1313 2472 1354 quam

1357 1349 1406 1387 ad
1436 1347 1651 1387 Romanam
1668 1377 1679 1389 .

1415 1416 1476 1456 19.
1506 1402 1660 1442 Mirum
1690 1413 1818 1444 autem
1846 1412 1926 1454 est,
1971 1403 2075 1459 quod
2103 1405 2234 1445 dicant
2272 1404 2376 1445 viam
2407 1402 2476 1445 anss

1357 1455 1539 1496 &ornatis
1568 1459 1616 1497 ad
1662 1459 1981 1512 pyrrhonismnm
2011 1460 2152 1498 ducere
2173 1489 2184 1509 ,
2226 1473 2318 1499 cum
2347 1461 2479 1514 potius

1357 1512 1687 1550 evidentissimum
1717 1515 1792 1562 sit,
1821 1513 1934 1553 nulla
1962 1513 2040 1553 alia
2059 1515 2205 1553 ratione
2234 1528 2339 1566 posse
2369 1514 2476 1553 hunc

1356 1565 1678 1618 pyrrlionismum
1708 1568 1874 1618 evitari,
1903 1582 2022 1621 quam
2044 1582 2082 1607 se
2112 1568 2382 1606 committendo
2411 1568 2478 1606 in·

1356 1619 1519 1658 fallibili
1549 1619 1737 1660 Ecclesiae
1766 1620 1914 1674 judicio
1932 1649 1942 1661 .
1987 1622 2040 1660 Ut
2068 1624 2171 1660 enim
2203 1622 2401 1675 inquiebat
2429 1621 2472 1660 S.

1356 1673 1594 1724 Augustinus
1634 1684 1778 1714 contra
1819 1676 1970 1726 epistol.
2005 1675 2279 1726 sandrimenti
2316 1690 2404 1726 cap.
2434 1675 2476 1721 [μ

1357 1722 1519 1766 turbam
1547 1741 1630 1768 non
1660 1730 1907 1783 intelligendi
1938 1732 2129 1769 vivacitas
2146 1760 2156 1778 ,
2187 1729 2257 1768 sed
2285 1729 2476 1768 credendi

1355 1782 1594 1833 simplicitas
1623 1788 1870 1822 tutissimam
1887 1784 2027 1836 facit.
2056 1784 2104 1822 Et
2132 1785 2272 1822 iterum
2303 1782 2404 1834 (De
2432 1796 2477 1821 u·

1353 1836 1442 1874 tilit.
1486 1836 1677 1875 credendi
1721 1852 1808 1890 cap.
1845 1837 1906 1877 16.
1937 1837 2052 1876 Tom.
2072 1836 2179 1876 VIII.
2211 1836 2226 1884 )
2269 1846 2473 1889 postquam

1351 1889 1475 1929 multa
1504 1891 1550 1929 de
1580 1891 1767 1933 Ecclesiae
1797 1889 2020 1931 auctoritate
2048 1891 2230 1940 dixisset,
2262 1892 2316 1929 ita
2343 1888 2478 1930 restis·

1351 1945 1448 1981 sime
1477 1945 1750 1985 ratiocinatur:
1794 1945 1837 1984 Si
1867 1944 1947 1984 Dei
1976 1945 2223 1995 providentia
2261 1957 2344 1982 non
2372 1957 2480 1995 prce-

1352 1995 1455 2035 sitlet
1484 1997 1598 2036 rebus
1626 1997 1847 2047 humanis,
1890 1997 1988 2036 nihil
2015 2008 2075 2037 est:
2107 1997 2156 2036 de
2185 1998 2377 2049 religione
2405 2011 2474 2036 scz-

1353 2049 1574 2102 mgendum
1593 2077 1604 2089 .
1647 2051 1719 2089 Sin
1747 2064 1837 2090 vero
1858 2078 1869 2089 .
1886 2076 1896 2089 .
1914 2077 1925 2089 .
1944 2077 1953 2090 .
1968 2064 2052 2089 non
2081 2061 2140 2089 est
2177 2048 2476 2100 desperandum

1355 2103 1406 2145 ab
1435 2103 1576 2143 eodem
1606 2108 1689 2157 ipso
1718 2103 1809 2144 Deo
1838 2102 2120 2144 aufioricatem
2163 2105 2348 2156 aliquam
2377 2118 2474 2144 con·

1354 2160 1538 2195 stitutam
1555 2188 1566 2206 ,
1596 2172 1671 2207 quo
1699 2159 1801 2197 velut
1829 2158 1962 2211 gracili
1981 2168 2090 2198 certo
2118 2162 2335 2198 innitentes
2356 2160 2482 2198 attol-

1354 2210 1491 2248 lamur
1520 2214 1563 2248 in
1591 2210 1727 2250 Deum
1745 2238 1755 2250 .
1786 2211 1842 2250 Ac
1871 2213 2058 2262 demum,
2100 2227 2190 2252 cum
2219 2213 2438 2252 ostendisset
2461 2243 2472 2264 ,

1350 2260 1427 2303 hoc
1456 2263 1691 2312 austoritatis
1719 2265 1876 2304 culmen
1897 2279 1974 2304 esse
2003 2267 2043 2305 in
2063 2266 2240 2306 Ecclesia
2267 2266 2442 2306 Romana
2459 2297 2470 2318 ,

1352 2319 1407 2358 ita
1435 2318 1653 2358 concludit:
1695 2322 1760 2358 cui
1788 2319 1892 2358 nolle
1919 2324 2075 2373 primas
2104 2319 2231 2371 clare,
2273 2321 2332 2360 vel
2359 2335 2469 2360 sum.-

1356 2386 1439 2411 mae
1465 2371 1641 2426 profefio
1668 2377 1889 2427 impietatis
1916 2384 2003 2425 est,
2033 2375 2092 2415 Vel
2118 2378 2333 2429 praecipitis
2361 2389 2474 2415 arro-

1354 2437 1515 2480 gantiae
1532 2453 1544 2466 .

1413 2494 1476 2520 20.
1501 2481 1607 2534 Qua}
1636 2481 1768 2523 Sanffi
1796 2480 1973 2522 Doaoris
2001 2482 2123 2523 verba
2164 2482 2275 2522 nobis
2314 2482 2475 2527 obviam

1351 2536 1599 2589 suppeditant
1626 2538 1845 2586 rationem,
1890 2546 1932 2577 ut
1959 2539 2122 2590 seposita
2151 2539 2268 2577 etiam
2297 2538 2477 2590 quaestio-

1357 2604 1402 2628 ne
1432 2590 1478 2627 de
1506 2589 1713 2631 infallibili
1742 2590 1932 2632 Ecclesiae
1962 2590 2208 2638 auitoritate,
2251 2589 2312 2628 vel
2342 2592 2473 2643 ipsum

1352 2657 1567 2697 >sequamur
1602 2658 1739 2685 sanum
1760 2675 1772 2694 ,
1815 2644 1850 2681 &
1878 2657 2125 2684 communem
2163 2642 2362 2683 homiuum
2392 2656 2476 2682 sen-

1358 2712 1444 2736 sum
1462 2729 1472 2748 ,
1503 2700 1572 2752 qui
1601 2707 1702 2738 certe
1730 2696 1872 2746 dietat,
1901 2707 1942 2736 ut
1962 2699 2087 2752 potius
2115 2698 2164 2736 iis
2186 2697 2479 2737 definitionibus

1359 2751 1643 2802 inhaereamus,
1672 2766 1761 2805 quae
1791 2767 1814 2791 a
1843 2750 2062 2791 Pastoribus
2091 2751 2207 2790 simul
2237 2753 2475 2804 congregatis

1356 2816 1437 2860 post
1458 2806 1621 2859 diligens
1641 2836 1653 2855 ,
1682 2805 1717 2842 ὃ(
1732 2814 1930 2845 maturum
1947 2819 2108 2846 examen
2130 2806 2295 2844 eduntur
2313 2835 2323 2854 ,
2354 2821 2476 2859 quam

1357 2870 1398 2900 ut
1428 2861 1690 2914 unusquisque
1727 2873 1768 2898 re
1797 2873 1867 2913 per
1895 2874 1933 2899 se
1962 2861 2093 2913 ipsum
2136 2861 2354 2898 examinata
2386 2873 2472 2912 prm

1355 2916 1489 2969 prium
1519 2928 1630 2953 suum
1672 2912 1864 2965 judicium
1907 2913 2055 2965 judicio
2091 2914 2265 2954 omnium
2308 2913 2474 2952 aliorum

1356 2970 1540 3023 praeferat
1559 2995 1571 3008 .
1615 2966 1656 3007 V
1653 2972 1695 3007 ia
1723 2964 1812 3022 ergo
1841 2967 2118 3019 austoritatis,
2147 2982 2265 3023 quam
2299 2967 2475 3008 Ecclesia

2321 3035 2418 3060 sem·

1361 3116 1428 3142 ῖιιηι
1454 3107 1578 3143 habere
1594 3129 1605 3148 ,
1631 3113 1668 3141 ut
1693 3105 1822 3140 abicam
1848 3108 1947 3144 illius
1972 3108 2156 3142 αιιέῖονὶτας
2173 3107 2328 3140 resideas
2344 3126 2354 3145 ‚
2380 3106 2473 3140 nullo

1359 3158 1459 3189 morlo
1484 3163 1676 3200 appareat·
1701 3153 1766 3188 Sed
1790 3167 1911 3189 omnes
1937 3155 2111 3189 Catholici
2137 3154 2276 3187 nomine
2305 3152 2472 3187 Ecclesia

1360 3203 1568 3246 infallibilis
1596 3202 1630 3234 in
1655 3199 1861 3236 definiendis
1887 3201 2108 3247 dogmatibus
2135 3212 2202 3233 non
2224 3198 2318 3232 alind
2338 3200 2471 3232 intelli-

1357 3260 1466 3294 gunt,
1492 3261 1598 3295 quain
1624 3257 1753 3282 coetum
1780 3249 1963 3284 Pastorum
1987 3249 2043 3281 vel
2068 3245 2305 3291 dispersorum
2323 3268 2334 3287 ,
2357 3247 2416 3281 vel
2432 3245 2470 3279 in

1356 3297 1515 3333 conciliis
1540 3304 1854 3343 congregatorum,
1879 3304 1919 3333 ut
1944 3295 2090 3331 inferius
2114 3293 2343 3330 ostendetur.
