2564 3706
974 86 1054 132 DE
1089 86 1420 133 MIRACULIS
1438 117 1448 129 .
2248 92 2301 142 73

68 172 200 212 datum
229 176 309 219 est,
338 167 409 207 hos
435 166 516 208 veri
546 166 728 206 miraculi
750 166 985 207 characteres
1013 170 1091 207 sine
1122 169 1181 206 ul-

69 225 108 265 la
136 225 370 264 dubitatione
398 234 647 273 cognoscere,
686 221 906 259 firmissime
936 222 1088 259 credere
1117 223 1181 259 de-

71 279 234 324 bemus,
277 275 405 313 Deum
436 288 632 326 nunquam
664 276 941 326 permissurum
971 277 1011 313 iu
1041 275 1182 313 confir-

69 333 275 370 mationem
304 330 442 366 erroris
472 327 604 379 aliqua
621 328 845 376 mirabilia,
876 329 934 366 vel
956 329 1071 366 etiam
1094 342 1181 381 pro-

71 384 174 435 digia
203 382 288 420 fieri
306 411 317 429 ,
355 383 450 434 quin
481 380 605 418 multo
634 381 748 433 plura
766 412 775 430 ,
821 381 968 433 majora
986 412 996 430 ,
1040 383 1073 417 8(
1104 383 1183 419 cla-

69 437 170 476 riora
198 433 387 472 miracula
403 435 451 473 ad
470 433 779 472 confirmandam
811 448 940 473 veram
959 465 969 482 ,
999 434 1183 471 sanni-nn-

67 502 142 542 que
171 487 384 526 doctrinam
414 489 497 539 ipse
513 487 628 525 faciat
651 517 661 535 ‚
692 501 767 539 quo
798 489 939 540 possint
971 486 1100 525 fideles
1119 487 1183 524 de—

68 542 209 580 clinato
237 553 364 579 errore
394 539 544 578 renum
574 554 730 579 cursum
760 551 883 578 tenere
902 568 912 578 .

125 594 216 633 226.
246 595 288 632 Id
319 603 577 646 praeterquam
616 595 717 646 quod
748 604 800 632 est
843 595 987 632 divinae
1031 595 1182 644 snpien-

70 649 134 687 tiae
155 678 166 696 ,
196 648 383 692 bonitati,
412 660 459 685 ac
490 649 741 698 providentiae
771 649 926 685 omnino
956 647 1152 685 conforme
1170 675 1180 693 ,

67 715 113 740 ne
142 700 287 740 scilicet
315 701 354 738 vi
376 714 473 752 pene
493 700 737 738 ineluctabili
767 713 835 738 nos
856 702 902 737 >in
923 713 1092 737 errorem
1108 708 1182 735 tra-

68 753 110 793 hi
141 754 361 807 permittat,
391 762 510 806 potest
539 755 656 792 etiam
687 753 866 806 pluribus
895 751 1080 803 exemplis
1109 752 1181 788 mi-

68 807 179 846 rifice
220 806 474 845 confirmari.
523 805 700 845 Permisit
729 807 833 844 Deus
864 805 990 855 Magis
1018 803 1183 841 Pharao-

64 861 124 899 nis
145 890 157 909 ,
199 868 240 897 ut
269 859 583 912 thaumaturgain
614 859 765 912 Moysis
795 859 976 895 virtutem
1020 855 1181 893 aemula·

66 922 224 961 rentur,
253 913 316 951 sed
346 914 398 951 ita
427 912 551 950 solum
569 942 580 960 ,
624 921 664 949 ut
693 910 846 948 tandem
877 909 911 945 ὃς
942 910 1014 960 ipsi
1043 921 1180 959 cogno-

67 975 241 1014 scerent,
284 980 322 1004 se
351 965 502 1003 infinito
531 963 733 1002 intervallo
761 977 784 1000 a
814 961 950 1013 Moyse
987 970 1182 1013 superatos

66 1021 183 1059 fuisse
213 1023 229 1071 (
259 1019 332 1057 Ex.
354 1019 441 1056 VII·
471 1018 486 1066 )
519 1017 582 1066 (a)
604 1042 614 1054 .
644 1015 840 1053 Toleravit
869 1015 974 1053 Deus
1003 1014 1183 1067 aliquan-

67 1073 135 1112 diu
157 1072 249 1119 450.
280 1069 643 1125 pseudo-prophetas
661 1099 671 1117 ,
715 1068 934 1106 Sacerdotes
963 1067 1055 1105 Baal
1074 1096 1085 1115 ,
1115 1067 1184 1119 qui

70 1125 254 1164 nonnulla
273 1124 434 1162 edebant
453 1123 628 1174 prodigia
645 1136 657 1168 3
686 1135 734 1159 ne
755 1131 880 1160 tamen
909 1120 1077 1173 populus
1097 1121 1182 1158 diu-

65 1180 142 1216 tius
171 1178 412 1215 seduceretur
429 1205 440 1225 ,
465 1176 620 1213 *eosdem
649 1175 699 1214 ab
720 1173 809 1212 Elia
831 1177 872 1213 in
893 1174 1092 1212 miraculis
1114 1188 1182 1225 pa-

66 1231 147 1268 lam
175 1231 376 1282 superari,
405 1229 618 1278 confundi,
655 1243 700 1267 ac
729 1228 914 1266 trucidari
944 1227 1066 1266 voluit
1097 1229 1111 1276 (
1143 1227 1182 1265 5.

67 1283 213 1335 Regum
233 1281 380 1321 XVHI.
401 1283 417 1332 )
435 1309 446 1320 .
476 1280 827 1334 Pseudo-propheta
848 1280 1029 1319 Bar-Jesu
1047 1310 1058 1329 ,
1087 1279 1182 1332 Ely-

67 1350 150 1376 mas
178 1335 326 1384 diotus,
370 1336 445 1373 fuit
473 1350 496 1373 a
524 1335 665 1374 Sanno
694 1335 802 1372 Petro
829 1333 1027 1382 devians,
1057 1333 1091 1370 8<
1120 1345 1184 1370 ex-

68 1398 234 1429 caecatus
264 1392 280 1440 (
311 1390 395 1428 Act.
417 1388 526 1426 XI-Il.
556 1389 602 1438 ),
644 1388 677 1425 8<
707 1387 840 1426 Simon
867 1386 1006 1439 Magus
1033 1401 1056 1425 a
1085 1386 1182 1424 San-

73 1442 130 1480 ἐὶυ
159 1442 266 1479 Petro
294 1443 341 1480 ad
371 1450 510 1480 terram
541 1450 773 1493 prostratus.
813 1441 934 1492 Atque
966 1449 1004 1477 ut
1035 1439 1184 1490 reliqua

69 1505 219 1534 taceam
237 1524 248 1542 ‚
267 1495 418 1546 quando
439 1494 662 1532 Antichristi
684 1494 922 1546 temporibus
943 1493 1055 1530 multi
1069 1505 1182 1544 pseu-

72 1546 324 1600 aloprophetae
352 1557 543 1600 surgent,
585 1547 636 1588 ὠ·
664 1546 852 1585 seducent
896 1546 1038 1583 multos
1055 1576 1066 1594 ,
1110 1558 1182 1583 non

73 1603 235 1640 deerunt
276 1601 436 1649 Enoch,
479 1601 513 1637 δε
544 1600 677 1647 Elias,
721 1601 789 1650 qui
821 1599 854 1634 &
884 1600 1182 1650 praedicatione,

72 1655 110 1691 ἃ
140 1654 339 1694 miraculis
367 1653 644 1705 potentioribus
672 1653 792 1689 errori
823 1653 1019 1689 resistant.
1049 1651 1183 1702 Neque

76 1709 117 1748 id
146 1709 270 1747 solum
289 1707 391 1753 ;.sed
406 1708 497 1759 quia
512 1703 712 1743 tribulatio
728 1734 738 1752 ,
768 1704 803 1740 8(
833 1705 1005 1756 deceptio
1025 1704 1092 1742 illa
1112 1705 1184 1741 erit

74 1763 255 1801 omniurn
285 1761 485 1807 maxima,
528 1759 635 1797 Deus
664 1757 795 1795 fideles
824 1771 908 1796 suos
948 1759 1184 1809 praemunire

73 1813 197 1855 voluit
226 1815 342 1852 etiam
371 1812 451 1851 alia
480 1813 571 1859 via,
614 1810 762 1849 scilicet
791 1812 1054 1862 praenunciata
1084 1810 1186 1848 mul-

72 1877 112 1907 to
131 1876 238 1906 antea
253 1865 410 1904 illorum
427 1865 688 1918 prodigiorum
710 1862 866 1903 fallacia
883 1890 893 1901 .
923 1864 1187 1910 Quamobrem

72 1922 107 1959 si
138 1920 269 1958 fideles
300 1917 380 1956 illis
416 1917 751 1956 turbulentissimis
794 1917 1031 1968 temporibus
1069 1918 1189 1954 mira-

75 1972 164 2012 cula
194 1971 420 2010 Antichristi
449 1984 539 2008 cum
568 1969 768 2007 miraculis
786 1969 943 2007 Henoch
963 1999 975 2016 ,
1005 1969 1040 2005 &
1059 1969 1160 2006 Eliae
1176 1999 1186 2017 ,

75 2026 111 2063 &
141 2039 229 2064 cum
260 2021 606 2076 praedistionibus,
636 2021 670 2058 δε
701 2021 899 2060 miraculis
927 2021 1070 2062 Christi
1100 2021 1188 2060 Ser-

73 2079 216 2119 vatoris
243 2078 359 2115 nostri
389 2076 563 2114 conferre
583 2074 775 2114 voluerint
791 2105 802 2123 ,
833 2074 936 2113 haud
959 2074 1119 2113 difficile
1133 2077 1188 2113 eis

72 2134 176 2180 erit,
219 2144 362 2178 vanas,
392 2128 624 2181 fallacesque
654 2129 862 2182 praestigias
891 2144 913 2166 a
943 2130 1041 2167 veris
1070 2131 1188 2167 mira-

72 2184 171 2224 culis
210 2184 452 2228 discernere3
495 2184 660 2234 satisque
689 2183 758 2219 erit
785 2183 842 2220 eis
870 2182 1068 2233 provisum
1087 2211 1097 2229 ,
1142 2196 1188 2219 ne

73 2253 98 2278 a
125 2236 226 2278 resto
255 2237 423 2283 veritatis
465 2237 614 2276 tramite
655 2235 860 2275 aberrent.
904 2234 986 2273 Hoc
1015 2234 1188 2274 Christus

78 2423 123 2454 (θ’
150 2421 370 2466 hujusmodi,·
398 2424 498 2466 signa
524 2427 633 2455 antem
658 2432 720 2463 per
744 2423 852 2456 malos
867 2419 965 2465 fulla
991 2429 1068 2454 sunt
1085 2424 1119 2454 in
1139 2433 1193 2454 re-

80 2467 141 2500 bus·
167 2470 300 2499 nocivis
322 2488 332 2506 ,
359 2469 411 2500 uel
435 2471 530 2500 vanis
545 2489 554 2498 .
568 2488 577 2498 .
594 2489 626 2499 ..
644 2466 764 2501 Tertia
781 2469 986 2510 differentia
1010 2476 1065 2501 est
1091 2477 1193 2512 quan-

80 2521 149 2547 tum
172 2513 220 2546 acl
235 2511 374 2556 finem,
411 2516 489 2555 qnia
516 2516 617 2554 signa
643 2513 800 2545 bonorum
825 2527 975 2551 morum5
1001 2515 1064 2547 sed
1090 2519 1192 2557 signa

78 2561 242 2592 malorum
267 2567 345 2591 sunt
369 2562 404 2591 in
430 2559 648 2592 manifestum
672 2568 902 2591 nocumentum
917 2559 1039 2600 fidei,
1066 2564 1106 2592 Θ
1131 2561 1192 2592 Ιιο-

79 2609 232 2639 aestatis
248 2625 257 2636 .
297 2603 348 2636 EC
373 2613 528 2648 quantum
552 2605 599 2637 ad
622 2606 754 2636 modam
779 2605 947 2646 differunt
963 2625 974 2643 ,
1012 2608 1090 2648 quia
1115 2607 1192 2638 boni

80 2659 263 2695 operantur
288 2652 478 2690 miracula,
519 2663 581 2694 per
607 2651 854 2683 invocationem
891 2651 1004 2684 (livini
1043 2655 1192 2685 nominis

81 2702 165 2742 pie,
199 2700 242 2730 Ψ
269 2704 488 2736 reverenter,
522 2699 586 2730 sed
610 2698 692 2729 mali
719 2697 915 2740 quibusdam
952 2698 1193 2731 deliramentis

87 2748 163 2777 (9⁴0-
191 2741 272 2775 vid.
308 2743 415 2776 etiarn
447 2742 646 2776 Benedictus
677 2744 776 2778 XlV.
814 2745 858 2776 de
881 2743 981 2776 Beac.
1007 2743 1092 2776 Can.
1118 2748 1192 2777 <Je-

87 2789 168 2823 Lib.
190 2789 251 2822 1V.
278 2789 312 2821 P.
331 2791 357 2821 1.
383 2801 458 2834 cap.
476 2789 510 2831 4.

137 2840 188 2875 (α)
214 2835 343 2880 ineptit
370 2835 626 2874 Rousseavins,
651 2833 737 2869 dum
758 2836 863 2881 ,fingit
881 2856 892 2876 ,
926 2836 1080 2880 potuisse
1102 2836 1193 2869 Pha-

86 2893 230 2915 raonem
256 2881 453 2926 suspicari,
489 2883 660 2927 Moysen,
701 2885 732 2915 δε
758 2884 931 2917 Aaronem
958 2894 1033 2914 esse
1060 2882 1094 2914 in
1120 2894 1194 2916 ma-

84 2928 172 2972 gicis
201 2927 337 2961 artibus
362 2928 628 2962 excellentiores
654 2929 726 2962 suis
746 2930 891 2973 Magis(
910 2929 1027 2961 Lettre
1054 2932 1195 2961 troisie'-

86 2987 139 3006 me
164 2978 273 3007 ἐσήιε
297 2975 341 3006 de
367 2976 401 3006 la
427 2974 617 3018 lllomagne
644 2980 656 3014 )
680 2997 688 3007 .
725 2977 854 3020 ineptit
875 2996 886 3015 ,
913 2976 1055 3019 inquam
1072 2989 1080 3005 z
1107 2987 1194 3018 quo-

86 3018 190 3053 modo
214 3020 308 3052 enim
333 3020 501 3064 potuisset
522 3020 654 3054 Pharao
679 3019 712 3053 id
728 3023 855 3056 merito
880 3021 1074 3066 suspicari,
1099 3030 1195 3065 post-

88 3077 194 3110 quam
223 3065 380 3099 audierat
406 3077 484 3099 suos
511 3067 633 3111 Magos
667 3068 929 3109 exclamantes,
963 3070 1096 3111 digitus
1122 3068 1193 3101 Dei

89 3119 145 3145 est
169 3112 256 3145 hic?

137 3159 183 3197 (b)
208 3159 348 3191 Sandus
374 3157 591 3202 Augustinus
617 3158 693 3192 Lib.
714 3161 760 3193 X.
786 3162 830 3194 cle
857 3161 962 3194 Ciuic.
991 3159 1059 3193 Dei
1086 3159 1191 3202 capit.

99 3203 153 3237 16.
182 3204 282 3236 Tom.
296 3204 375 3237 Vll.
401 3213 584 3249 postquam
599 3204 796 3239 ostenderat
818 3227 828 3246 ‚
854 3219 920 3240 non
935 3219 1007 3240 esse
1022 3205 1193 3238 sacrificia

92 3248 266 3284 offerenda
278 3248 495 3284 damonibus
506 3271 518 3290 ‚
533 3250 668 3283 etiamsi
683 3252 904 3287 mirabilibus
918 3254 1010 3287 factis
1024 3252 1194 3285 humanas

93 3303 336 3341 permoverent
361 3306 494 3330 mentes
510 3318 519 3335 ,
546 3299 577 3327 &
596 3297 648 3328 illi
668 3317 679 3336 ‚
703 3298 835 3340 quirini
849 3308 987 3334 tantum
1002 3300 1074 3335 Deo
1087 3297 1194 3332 sacri.-

203 3340 441 3396 Gazzaniga
473 3341 602 3383 sl'lzeol.
632 3341 745 3382 Tom·
773 3343 805 3385 1.

1249 168 1350 206 dedit
1378 169 1527 218 siguum
1559 166 1682 205 Marci
1706 170 1810 208 Xlll.
1842 171 1907 209 33.
1938 171 2140 224 inquiens:
2171 183 2235 211 5¹05
2264 182 2359 222 ergo

1250 222 1373 260 ridete
1397 236 1410 265 ;
1439 232 1529 258 ecce
1557 221 1728 270 praedixi·
1757 222 1858 259 vobis
1888 230 2026 262 omnin,
2056 224 2113 276 (b)
2136 252 2146 263 .

1306 288 1396 325 227.
1428 275 1517 311 Inst.
1547 275 1683 311 tertio.
1724 275 1805 312 Hoc
1835 277 1962 326 ipsum
1993 286 2044 315 est
2075 279 2229 326 multis,
2263 290 2360 330 prae-

1251 329 1365 380 cipue
1393 337 1520 366 autem
1551 327 1709 364 rudibus
1727 358 1737 375 ,
1768 329 1975 366 admodum
1990 330 2172 379 difficile,
2201 344 2359 383 compa-

1251 383 1392 419 ratione
1420 382 1518 418 inter
1547 380 1736 418 miracula
1767 382 1959 428 instituta,
1989 384 2183 433 quodnam
2203 386 2247 422 sit
2279 399 2361 422 ma-

1252 435 1311 485 jus
1329 464 1338 481 ‚
1369 433 1532 485 aliisque
1560 434 1876 486 praeferendum,
1907 442 2008 472 certo
2023 433 2263 484 dijudicare;
2293 449 2361 475 no-

1251 497 1331 524 tum
1361 496 1413 524 est
1443 490 1573 535 enim,
1617 501 1832 540 numquam
1872 487 2023 525 facilius
2066 490 2363 537 controversias,

1252 540 1284 575 8<
1315 541 1563 578 dissensiones
1591 542 1777 588 excitari,
1806 554 1924 592 quam
1947 541 2013 578 ubi
2035 540 2081 577 de
2109 543 2363 591 comparatio-

1251 594 1365 629 nibus
1395 595 1543 643 agitur,
1572 607 1732 646 raroque
1762 594 1964 632 concordes
1994 607 2072 631 esse
2101 592 2218 630 solere
2236 623 2246 641 ,
2275 595 2364 645 qui-

1252 646 1323 683 bus
1354 660 1481 683 rerum
1515 647 1757 698 ponderanda
1787 656 1840 684 est
1867 647 2091 698 praestantia
2120 646 2179 697 (c)
2197 673 2207 683 .

1307 698 1398 736 228.
1431 698 1541 750 Hesp.
1574 700 1684 737 Hanc
1714 700 1979 738 difficultatem
2022 709 2114 736 tuuc
2150 698 2274 737 solum
2302 713 2363 737 oc-

1249 764 1402 789 currere
1433 765 1565 802 posse,
1605 754 1758 805 quando
1786 754 1831 791 de
1862 767 1965 801 une,
1996 752 2056 792 vel
2088 755 2219 804 paucis
2248 753 2366 791 mira-

1251 802 1349 841 culis
1379 805 1476 840 inter
1506 820 1543 842 se
1572 807 1842 858 comparandis
1870 815 2044 858 ageretur
2065 836 2076 853 ,
2120 807 2242 858 iisque
2284 818 2362 843 non

1252 855 1463 894 admodum
1494 858 1592 894 inter
1622 874 1659 896 se
1688 859 1966 898 dissimilibus.
1996 859 2070 897 Sed
2101 872 2160 897 res
2191 859 2253 897 hie
2284 858 2367 897 lon-

1250 923 1295 959 ge
1324 908 1434 946 aliter
1463 923 1499 946 se
1530 909 1664 949 habet.
1706 912 1868 960 Paucis,
1900 915 2023 965 iisque
2051 925 2124 950 non
2154 912 2364 951 admodum

1251 960 1469 999 illustribus
1490 963 1569 999 sive
1589 966 1864 1016 apparentibus
1883 996 1893 1012 ,
1923 968 2001 1003 sive
2021 967 2136 1003 etiam
2159 967 2256 1004 veris
2284 966 2367 1003 dae-

1251 1028 1411 1052 monum
1445 1016 1628 1066 prodigiis
1650 1018 1837 1055 miracula
1857 1019 1986 1056 divina
2005 1049 2015 1066 ,
2045 1019 2078 1054 δε
2097 1032 2258 1056 numero
2277 1017 2366 1070 plu-

1253 1081 1295 1106 ra
1325 1067 1360 1103 8<
1382 1068 1504 1104 multo
1533 1067 1743 1107 illustriora
1773 1072 2024 1121 opponimus.
2055 1072 2150 1118 Quis
2170 1074 2275 1121 signa
2305 1071 2366 1109 vel

1253 1136 1275 1159 a
1306 1122 1428 1172 magis
1449 1121 1681 1173 AEgyptiacis
1698 1151 1708 1170 ,
1739 1122 1800 1159 vel
1830 1122 1879 1159 ab
1900 1122 1987 1160 aliis
2016 1124 2287 1174 impostoribus
2309 1125 2365 1161 fa-

1251 1183 1309 1212 cta
1339 1188 1428 1213 cuin
1459 1176 1677 1213 certissimis
1709 1174 1882 1227 Moysis,
1913 1184 1976 1213 aut
2002 1175 2169 1213 aliorum
2200 1175 2367 1226 Prophe-

1251 1235 1379 1265 tarum
1421 1227 1650 1275 miraculis,
1695 1227 1754 1265 vel
1787 1242 1878 1267 cum
1923 1227 2030 1277 illis,
2074 1242 2162 1281 quee
2194 1228 2368 1266 Christus

1253 1280 1359 1318 Jesus
1378 1310 1388 1328 ‚
1432 1280 1592 1332 ejusque
1623 1281 1793 1333 Apostoli
1826 1281 2053 1330 ediderunt,
2096 1282 2234 1320 audeat
2262 1295 2368 1319 com—

1250 1331 1417 1385 parare?
1466 1334 1583 1372 Facta
1619 1336 1737 1386 igitur
1774 1334 1974 1373 collatione
2003 1348 2080 1373 non
2124 1335 2245 1372 multo
2272 1348 2371 1386 opus

1251 1395 1303 1423 est
1332 1388 1508 1437 ingenio,
1540 1401 1660 1440 neque
1692 1402 1830 1438 magno
1858 1387 2014 1435 labore,
2044 1397 2084 1425 ut
2108 1402 2274 1426 verama
2296 1386 2368 1426 fal-

1251 1454 1291 1477 sa
1319 1441 1490 1478 doctrina
1521 1439 1800 1478 miraculorum
1830 1454 1902 1491 ope
1930 1454 2195 1479 secernamus.

1310 1506 1402 1544 229.
1434 1494 1522 1530 lust.
1565 1502 1727 1544 quarto.
1775 1493 1850 1530 Sed
1892 1507 1962 1530 cur
1992 1494 2096 1532 Deus
2125 1497 2141 1543 (
2172 1493 2367 1532 molestius

1253 1548 1495 1584 sciscitantur
1525 1546 1540 1594 )
1572 1547 1781 1597 permittit,
1825 1554 1889 1583 aut
1919 1559 2037 1594 vera,
2080 1555 2146 1584 aut
2175 1548 2366 1584 verisimi-

1254 1598 1307 1635 lia
1338 1600 1374 1636 iu
1405 1599 1733 1636 confirmationem
1761 1601 1899 1636 erroris
1914 1599 2024 1646 fieri,
2053 1599 2195 1651 quibus
2215 1602 2272 1637 sin
2293 1601 2367 1637 mi-

1254 1665 1323 1689 nus
1352 1652 1508 1689 omnino
1537 1651 1819 1704 praecluditur,
1865 1654 2102 1704 praepeditur
2140 1653 2272 1690 saltem
2303 1667 2366 1690 ve-

1253 1718 1332 1752 rae,
1377 1704 1409 1739 8(
1440 1704 1615 1743 revelata:
1660 1705 1845 1742 doctrinae
1889 1705 2149 1754 dignoscenda}
2190 1704 2281 1743 via?
2325 1706 2368 1743 Si

1254 1757 1445 1796 miracula
1475 1766 1591 1795 essent
1620 1758 1797 1795 divinum
1827 1758 2016 1808 quoddam
2062 1758 2230 1795 veritatis
2261 1758 2367 1808 sigil-

1254 1810 1366 1860 lum,
1395 1824 1522 1848 annon
1552 1810 1695 1847 divinae
1727 1811 1975 1862 providentiae
2005 1811 2289 1848 convenientius
2311 1811 2364 1847 so-

1255 1873 1338 1911 ret,
1380 1863 1527 1901 nullius
1554 1864 1711 1900 omniuo
1747 1865 1895 1914 generis
1939 1862 2127 1902 miracula
2157 1864 2195 1901 iu
2224 1863 2366 1901 coufir-

1256 1917 1465 1954 mationem
1496 1918 1633 1953 erroris
1664 1915 1910 1966 permittere?

1313 1969 1403 2007 251).
1436 1968 1624 2021 Respond.
1654 1969 1835 2007 Nostrum
1865 1984 1938 2008 non
1958 1985 2035 2008 esse
2066 1970 2364 2022 profunditatem

1256 2023 1474 2060 divinorum
1505 2022 1752 2061 consiliorum
1782 2026 2042 2075 perscrutari.
2085 2024 2367 2062 l'rovidentissi-

1256 2090 1369 2123 mus,
1406 2091 1451 2113 ac
1481 2076 1779 2126 benignissimus
1809 2077 1913 2115 Deus
1943 2090 2069 2123 verae,
2099 2087 2364 2127 supernatura-

1256 2128 1380 2180 lisque
1408 2129 1592 2166 doetrinae
1622 2129 1894 2167 revelationem
1921 2131 2014 2167 adeo
2041 2132 2153 2167 certis
2170 2159 2180 2177 ,
2225 2129 2258 2166 8<
2288 2130 2365 2168 cla—

1257 2184 1307 2219 ris
1338 2182 1483 2219 divinae
1515 2182 1682 2220 veritatis
1724 2181 1861 2232 sigillis
1903 2182 2182 2230 communivit,
2231 2191 2270 2220 ut
2298 2183 2367 2235 (fui

1256 2248 1300 2274 ea
1327 2234 1530 2287 diligenter
1556 2236 1768 2274 considerat
1790 2264 1800 2284 ,
1828 2235 1876 2272 de
1898 2234 1968 2274 illa
1993 2235 2173 2274 dubitare
2202 2236 2369 2288 pruden-

2259 2297 2315 2327 ter

1261 2419 1359 2454 ficari
1384 2416 1534 2465 jubent,
1562 2431 1781 2464 nequaquam
1809 2419 1874 2452 ista
1901 2418 2055 2452 visibilia
2080 2417 2248 2464 miracula
2274 2416 2365 2449 sace-

1260 2478 1297 2500 τε
1323 2467 1553 2511 dignarentur
1570 2488 1580 2505 ‚
1606 2467 1656 2498 ita
1682 2467 1820 2510 pergite
1860 2465 1941 2498 ἐῖίιηι
1964 2476 2042 2498 vvero
2069 2463 2166 2496 Deus
2192 2465 2230 2497 ici
2256 2466 2369 2506 egerit·

1260 2514 1307 2547 ad
1331 2514 1597 2547 commendanda
1615 2515 1753 2554 eloquia
1779 2515 1942 2546 ueritatis
1976 2525 2040 2545 suae
2056 2532 2066 2550 ,
2092 2519 2127 2543 ut
2145 2534 2153 2541 .
2168 2533 2176 2541 .
2194 2534 2204 2551 ἶ
2218 2533 2226 2541 .
2243 2509 2369 2553 .f1tce-

1260 2568 1314 2593 ret
1339 2561 1467 2607 majora
1488 2580 1498 2598 ,
1524 2564 1677 2592 certiora
1691 2580 1702 2598 ‚
1734 2561 1883 2592 clariora
1910 2560 2074 2591 rrzi'raculu
2090 2579 2098 2587 .
2119 2579 2126 2587 .
2145 2578 2157 2598 ν.
2175 2569 2266 2600 «luem
2291 2564 2368 2588 tan-

1261 2608 1338 2640 dem
1363 2611 1413 2639 ila
1438 2607 1598 2648 desipere
1625 2606 1732 2638 libeat
1750 2627 1761 2645 ‚
1797 2614 1836 2638 ut
1862 2618 1926 2637 non
1952 2617 2027 2637 vera
2056 2605 2187 2647 eligat,
2221 2615 2286 2646 quae
2311 2613 2366 2634 se-

1260 2657 1390 2694 lletur,
1431 2653 1486 2684 nbi
1513 2657 1554 2683 Θ
1579 2653 1745 2694 ampliora
1772 2654 1946 2689 inueniat,
1992 2662 2056 2693 1711ae
2089 2653 2255 2682 miretur!
2300 2648 2366 2681 Pro

1261 2707 1357 2732 certo
1382 2699 1499 2741 itaque
1524 2696 1629 2730 habet
1656 2698 1766 2730 San&-
1794 2698 1920 2736 Pater,
1956 2696 2069 2728 Deum
2095 2706 2240 2739 semper·
2257 2693 2369 2738 majo-

1261 2756 1299 2777 ra
1316 2766 1326 2785 ,
1351 2748 1384 2776 v&
1399 2744 1548 2776 certiora
1574 2744 1744 2776 miracula
1761 2754 1934 2787 opponere
1958 2741 2142 2774 fallacibus
2168 2740 2366 2774 daemoni-un

1260 2790 1448 2836 prodigiis.

1308 2842 1355 2876 (c)
1382 2838 1485 2868 Laur.
1513 2834 1728 2869 Moshemius
1767 2835 1801 2867 in
1838 2834 1929 2867 notis
1956 2833 1997 2866 ad
2025 2833 2210 2877 Srstemtt.
2232 2834 2370 2867 intelle*-

1262 2885 1367 2916 H‘uale
1401 2883 1500 2928 hujus
1543 2885 1692 2914 universi
1722 2880 1808 2914 aad.
1834 2879 2040 2913 Cudwortlii
2074 2891 2150 2923 cap.
2176 2891 2210 2911 v.
2237 2880 2321 2912 Soet.
2340 2880 2367 2912 Ι.

1264 2932 1295 2971 ,δι
1317 2931 1373 2972 87.
1389 2950 1398 2967 ,
1426 2940 1468 2960 ne
1494 2927 1733 2960 definitionem
1757 2927 1920 2959 miraculi
1948 2939 1966 2958 a
1982 2927 2076 2959 Sam.
2101 2926 2268 2959 Clarckio
2296 2933 2369 2959 tra-

1264 2974 1374 3008 ditam
1401 2980 1411 3013 (
1437 2985 1542 3018 supra
1580 2974 1615 3005 in
1643 2982 1716 3005 not.
1744 2972 1787 3005 ad
1814 2985 1910 3005 num.
1933 2973 2010 3015 187.
2038 2977 2048 3009 )
2072 2973 2255 3012 confutet,
2290 2973 2365 3005 Jac-

1263 3022 1383 3053 Serces
1408 3021 1606 3064 opinionem
1634 3019 1786 3063 probat,
1814 3019 1909 3052 nulla
1935 3019 2070 3051 scilicet
2096 3030 2193 3062 posse
2220 3031 2238 3051 a
2265 3018 2367 3051 unalis

1262 3067 1372 3110 geniis
1399 3066 1594 3104 miracula,
1632 3065 1737 3098 etiam
1765 3065 1880 3098 minus
1906 3064 2044 3109 proprie
2073 3065 2156 3098 talia
2175 3086 2185 3104 ‚
2212 3062 2291 3102 edi3
2328 3075 2369 3096 u.-

1261 3114 1349 3145 titur
1374 3121 1491 3144 autem
1519 3112 1610 3144 inter
1636 3111 1704 3144 alia
1728 3111 1835 3145 etiarn
1859 3110 1925 3144 hoc
1944 3119 2172 3154 argumento,
2197 3108 2288 3155 (prod
2307 3121 2364 3140 va-

1260 3159 1322 3190 riis
1348 3158 1516 3201 exemplis
1544 3157 1722 3190 illustrare
1758 3158 1905 3190 conatur
1923 3180 1932 3189 .
1972 3155 2037 3189 Sed
2063 3157 2098 3189 in
2131 3156 2197 3190 hoc
2223 3161 2337 3200 peccat
2354 3170 2365 3191 ο

1262 3202 1352 3248 quod
1381 3203 1551 3236 miracula
1586 3205 1656 3236 fere
1694 3203 1824 3237 similia
1861 3203 1968 3237 simul
2004 3204 2187 3243 conferat,
2225 3210 2260 3233 ut
2287 3197 2364 3230 inde

1264 3249 1470 3289 concludat,
1502 3249 1694 3293 generatim
1719 3248 1858 3283 difficile
1883 3262 1956 3284 esse
1983 3251 2074 3284 inter
2100 3259 2205 3286 vera,
2231 3256 2271 3279 ac
2299 3244 2364 3277 fal-

1265 3309 1302 3331 sa
1327 3296 1498 3331 miracula
1521 3293 1718 3342 judicium.

1785 3353 1832 3381 10
