2564 3706
948 100 1029 146 DE
1064 99 1444 147 TRADITIONE
1463 129 1475 143 .

65 194 119 221 ex
148 181 358 234 Scripturis
386 187 632 233 arguuntur,
680 179 725 218 ad
756 179 995 219 traditionem
1035 183 1167 221 coufu-

62 238 198 287 giunt,
245 236 353 288 quasi
383 247 462 271 non
492 237 611 283 possit
654 246 705 270 ex
737 233 793 271 his
821 238 985 273 Inveniri
1023 240 1167 274 veritas

62 290 113 326 ab
143 290 201 327 his
215 319 226 336 ‚
255 291 321 338 qui
339 291 519 324 nesciunt
539 285 797 325 traditionem
817 314 827 326 .
843 314 854 327 .
871 314 882 326 .
898 315 909 326 .
943 288 1075 339 Quum
1095 303 1167 327 au-

62 352 145 382 tem
172 340 229 379 acl
247 354 343 379 eam
372 345 515 378 iterum
531 339 788 378 traditionem
807 371 818 389 ,
847 355 935 392 quae
957 351 1013 380 est
1043 341 1093 380 ab
1112 343 1166 380 A·

60 394 244 447 postolis,
281 407 370 445 quoe
398 407 467 444 per
493 390 739 431 successores
769 394 1097 447 Presbyterorum
1127 400 1168 433 ιή

63 447 254 486 Ecclesiis
274 447 488 485 custoditur
502 477 514 495 ,
541 460 798 496 provocamus
819 462 884 486 eos
901 479 911 496 ,
941 453 1004 500 qui
1024 448 1163 486 mirer-

61 510 202 540 santur
230 500 465 545 tratlt‘etont‚·
494 500 634 551 quibus
663 501 789 539 verbis
818 516 940 539 caecus
969 510 1052 549 est,
1096 503 1165 553 qni

0 555 9 566 “
57 567 133 593 non
165 554 316 602 videat,
345 569 367 592 a
383 553 422 592 S.
441 555 584 591 irenaeo
600 583 610 601 ,
642 556 853 606 primisque
884 554 1058 593 Patribus
1079 567 1162 593 con-

56 608 220 646 suevisse
250 607 448 645 Haereticis
489 620 566 644 non
597 609 720 644 minus
761 608 1000 655 traditiones,
1047 621 1165 659 quarn

56 660 275 711 Scripturas
303 660 450 710 objici.
487 659 620 712 Neque
652 660 712 698 hic
742 660 872 698 locum
903 660 1016 698 habet
1045 661 1166 698 subti-

53 712 103 750 lis
134 713 201 752 illa
232 713 544 752 heterodoxorum
574 715 727 761 evasio,
768 715 837 766 qui
867 715 1021 751 nomine
1050 715 1166 751 tradi—

54 767 168 805 tionis
196 766 359 819 intelligi
388 766 520 804 volunt
549 781 673 807 sacras
703 766 845 804 litteras
874 781 941 818 per
971 780 1105 803 manus
1121 765 1166 803 fi-

53 818 202 858 delium
232 821 272 858 in
292 820 461 859 ecclesiis
480 819 635 864 traditas
655 833 665 865 3
697 819 782 857 luce
803 821 904 856 enim
932 818 1076 856 clarius
1097 833 1166 870 ap-

54 883 189 924 paret,
218 872 282 912 hic
311 874 526 912 traditiones
554 872 762 924 Scripturis
792 871 964 923 opponi.

111 926 176 964 56.
206 926 400 964 Ultimum
429 935 508 964 tam
535 926 619 963 leve
647 934 726 971 est,
756 933 798 961 ut
827 925 890 960 vix
921 924 1163 974 responsione

51 979 100 1017 sit
129 980 288 1030 dignum
306 1006 316 1018 .
347 981 435 1031 Agit
461 978 502 1016 S.
533 977 641 1014 Pater
669 985 799 1014 contra
822 975 1092 1023 Marcionitas,
1121 988 1166 1012 a·

53 1032 200 1084 liosque
229 1034 305 1071 illis
334 1033 510 1079 similes,
544 1028 598 1068 ab
625 1029 753 1066 altero
784 1027 871 1065 Deo
900 1027 1078 1065 dicentes
1105 1041 1167 1065 es-

51 1099 97 1125 se
125 1086 366 1140 prophetas;
411 1096 576 1137 quorum
606 1082 883 1120 crassissimum
925 1095 1094 1119 errorem
1125 1091 1165 1119 ut

53 1141 283 1186 convincat,
311 1151 372 1176 eos
401 1137 596 1183 hortatur,
627 1132 937 1186 utEvangelium
967 1149 1057 1173 cum
1077 1133 1167 1172 Pro·

52 1192 178 1244 phetis
219 1191 422 1242 diligenter
449 1189 668 1234 conferant3
715 1187 750 1224 8t
797 1201 886 1225 cum
918 1189 995 1226 istis
1023 1187 1166 1226 Christi

46 1243 269 1293 aaronem,
297 1241 537 1292 doarium,
566 1241 601 1278 8<
622 1242 835 1293 passionem
866 1240 1088 1292 praediRam
1112 1242 1168 1280 in-

50 1300 254 1346 venerint,
283 1295 534 1344 concludant,
572 1295 750 1333 eumdem
781 1306 933 1347 prorsus
962 1308 1039 1332 esse
1070 1304 1169 1334 vete-

55 1351 136 1398 ris,
165 1364 353 1403 novaeque
382 1349 477 1401 legis
505 1348 699 1387 auctorem
720 1374 730 1386 .

108 1405 175 1455 57.
202 1403 295 1454 Obj.
324 1403 458 1441 tertio.
489 1401 751 1440 Tertullianus
766 1401 856 1440 Lib.
873 1400 964 1440 adv.
995 1400 1168 1439 Hermo·

50 1470 145 1510 gen.
173 1462 259 1510 cap‘.
283 1470 347 1495 22.
377 1455 531 1502 Adoro,
560 1456 713 1507 inquit,
760 1455 977 1505 Scriptura?
1005 1456 1170 1507 plenitu-

53 1510 215 1559 dinem,
258 1523 348 1561 quae
377 1508 474 1547 mihi·
501 1508 551 1549 (θ’
567 1507 777 1560 faHorem
809 1508 1077 1561 manifestat,
1122 1511 1171 1549 ΕΞ)

43 1561 172 1616 'suffla
190 1590 199 1602 .
217 1589 228 1602 .
245 1590 256 1602 .
294 1566 486 1612 scriptum
515 1575 601 1600 esse
637 1561 781 1599 doceat
810 1561 1082 1613 Hermogenis
1111 1561 1172 1614 of-

25 1648 32 1655 .
44 1616 185 1670 ficina.
202 1643 213 1655 .
242 1615 286 1654 Si
313 1630 396 1655 non
422 1625 484 1654 est
502 1619 692 1665 scriptum
709 1644 720 1662 ,
750 1619 893 1652 timeat
922 1629 981 1653 we
1009 1615 1105 1653 illud
1125 1629 1170 1652 a·

58 1669 331 1723 djicientibus,
378 1678 451 1707 aut
479 1667 775 1706 detrahentibus
802 1667 1078 1717 destinatum,
1125 1681 1171 1706 ex

54 1737 133 1776 quo
161 1723 245 1762 loco
286 1722 493 1775 dupliciter
522 1731 653 1760 contra
694 1721 913 1760 traditiones
958 1724 1010 1760 ita
1039 1721 1170 1773 colligi

53 1784 201 1828 potest.
239 1776 370 1814 Primo
398 1776 646 1814 manifestum
677 1784 756 1824 est,
786 1774 1075 1813 Tertullianum
1106 1788 1172 1827 po·

52 1831 201 1868 stremis
243 1828 347 1868 hisce
390 1829 518 1867 verbis
559 1829 723 1880 digitum
766 1828 959 1866 intendere
1002 1829 1050 1866 ad
1088 1827 1173 1867 loca

55 1883 270 1934 Scripturae
301 1882 476 1934 superius
496 1895 606 1919 num.
628 1882 694 1934 59.
725 1879 916 1932 allegata,
947 1895 1036 1932 ergo
1056 1896 1099 1920 ea
1120 1884 1172 1920 ita

55 1935 304 1986 intelligenda
332 1945 419 1973 sunt
434 1964 445 1982 ,
475 1943 516 1972 nt
536 1936 695 1973 vetitum
710 1935 1043 1985 sitquodcumque
1059 1936 1174 1972 etiam

56 1989 264 2028 minimum
296 1987 416 2025 verbo
445 1987 520 2024 Dei
548 1989 690 2037 scripto
724 1987 1050 2026 additamentum.
1106 1986 1174 2024 Se-

58 2041 184 2081 cundo
198 2071 210 2090 ,
239 2039 393 2080 nullum
422 2047 518 2077 esset
537 2037 773 2077 Tertulliani
792 2048 1061 2089 argumentum
1082 2052 1172 2078 con-

56 2102 115 2134 tra
143 2094 452 2147 Hermogenem,
480 2092 514 2132 si
542 2093 774 2140 censuisset,
811 2092 945 2130 alium.
965 2105 1043 2130 esse
1071 2107 1172 2144 prae-

55 2157 114 2186 ter
128 2147 369 2198 Scripturam
384 2155 600 2186 nostrorum
615 2147 835 2197 dogmatum
867 2146 1005 2183 fontem
1018 2172 1028 2183 .
1060 2145 1171 2185 Praet.

56 2201 162 2245 Idem
192 2200 455 2240 Tertullianus
473 2199 567 2238 Lib.
595 2199 644 2237 de
664 2198 833 2236 Resurr..
858 2201 995 2235 carnis
1023 2212 1109 2249 cap.
1134 2199 1171 2237 5.

54 2253 210 2307 Aufer,
239 2255 390 2306 inquit,
422 2252 660 2300 Hoereticis,
689 2263 778 2302 quoe
793 2263 884 2287 cum
901 2250 1085 2288 Etlzm‘cz‘s
1105 2264 1172 2288 sa-

55 2312 194 2359 piunt,
223 2317 266 2346 ut
294 2307 343 2346 de
371 2306 586 2356 Scripturis
613 2305 706 2343 solis
727 2307 965 2354 quaestiones
994 2317 1091 2341 suas
1120 2308 1171 2342 si-

53 2370 194 2410 stant,
221 2361 273 2403 ὠ
299 2369 411 2409 sture
438 2371 521 2396 non
539 2366 744 2409 poterunt:
774 2366 896 2396 censet
925 2371 1012 2409 ergo
1040 2371 1084 2395 ex
1115 2372 1172 2396 so-

55 2414 106 2452 lis
134 2415 346 2465 Scripturis
385 2425 463 2450 esse
505 2413 602 2450 inter
629 2411 861 2450 Christianos
897 2413 1173 2450 controversias

59 2466 152 2505 fidei
171 2465 406 2510 dirimendas
422 2491 434 2503 .
461 2465 510 2504 Et
538 2479 624 2517 cap.
645 2465 713 2518 47.
745 2465 958 2503 Haereticos
979 2465 1024 2502 ad
1055 2465 1172 2503 tradi-

56 2521 179 2558 tiones
206 2519 467 2570 confugientes
507 2517 676 2570 appellat
719 2516 920 2570 lucifugas
950 2517 1172 2567 Scriptura-

57 2585 147 2610 rum
164 2598 175 2610 .
206 2571 376 2609 Demum
405 2584 486 2609 non
513 2574 685 2622 recipio,
715 2570 850 2622 inquit·
872 2569 1046 2621 Apellen]
1078 2571 1174 2608 allo-

55 2639 179 2679 quens
209 2624 298 2663 Lib.
328 2623 378 2662 cle
407 2637 533 2662 carne
565 2624 708 2662 Christi
736 2637 823 2674 cap.
849 2637 884 2673 7.
923 2622 1024 2674 quod
1051 2627 1174 2661 extra

60 2678 313 2728 Scripturam
341 2677 390 2716 cle
417 2687 484 2715 tuo
513 2675 668 2728 infers:
698 2689 787 2728 ergo
815 2675 888 2714 ἃς.

114 2731 179 2770 58.
209 2730 324 2783 Resp.
352 2729 594 2769 Generaliter
624 2729 913 2768 Tertullianum
955 2728 1070 2768 falsas
1107 2728 1174 2767 ho-

58 2785 214 2824 minum
243 2784 461 2823 traditiones
490 2784 678 2835 rejicere,
707 2796 783 2822 non
812 2783 992 2830 divinas,
1021 2782 1054 2819 δι
1083 2796 1174 2835 apo-

59 2837 240 2886 stolicas,
269 2851 362 2890 quas
388 2839 574 2876 sexcentis
602 2839 641 2876 in
669 2836 766 2875 locis
785 2834 1033 2875 'commendat
1050 2866 1060 2884 ,
1104 2850 1174 2873 sae-

61 2892 151 2944 pins
197 2891 301 2930 enim
329 2891 378 2928 ad
418 2891 664 2930 confutandos
693 2890 901 2942 Hae-reticos
941 2902 1018 2927 non
1048 2888 1173 2929 solnm

62 2943 302 2997 Scripturis,
330 2943 395 2982 sed
422 2946 537 2982 etiam
556 2945 825 2983 traditionibus
846 2945 982 2991 utitur;
1012 2942 1046 2979 &
1076 2944 1173 2981 inter

65 2996 146 3036 alia
173 2996 336 3035 celebris
363 3005 416 3034 est
445 2996 514 3035 illa
541 2997 701 3050 regula,
747 3011 864 3050 quam
897 2998 935 3035 in
964 3010 1080 3035 aureo
1107 3010 1175 3034 suo

11 3068 15 3071 ·
63 3049 168 3088 libro
196 3050 244 3088 de
274 3049 580 3100 Proescriptione
609 3049 903 3088 Hoereticorum
940 3050 1051 3088 tradit
1081 3050 1174 3099 (a),

67 3102 246 3142 videlicet
287 3116 360 3140 non
403 3116 479 3140 esse
507 3103 552 3140 ad
583 3102 807 3153 Scripturas
849 3103 1138 3154 provocandum
1162 3133 1173 3151 ,

11 3172 20 3180 ·
68 3159 143 3194 nec
170 3160 212 3194 in
250 3160 302 3196 iis
329 3154 648 3207 constituendum
676 3165 914 3208 certamen,
961 3158 1023 3196 sed
1053 3155 1175 3210 potitis

2207 112 2287 160 143

1235 181 1485 235 quaerendum
1515 192 1618 228 esse=
1649 194 1826 234 quaenam
1848 182 2033 224 Ecclesiae
2065 186 2138 225 sint
2169 186 2218 226 ab
2239 190 2342 242 Apo-

1235 235 1339 274 stolis
1369 235 1561 282 fundatae,
1594 234 1651 271 vel
1685 235 1987 286 Apostolica'ruxn
2017 238 2189 289 soboles,
2231 243 2265 280 8c
2295 245 2345 282 ab

1235 290 1289 326 eis
1318 287 1590 326 desumendam
1620 300 1698 324 esse
1719 292 1927 325 veritatem
1949 291 2265 345 Scripturarum,
2294 298 2344 338 <91

1236 345 1526 393 expositionum
1544 370 1554 388 ,
1585 340 1633 380 <9¹
1653 344 1834 377 omnium
1858 340 2133 383 Trtztlitiotzum
2156 348 2346 388 Christia-

1236 408 1385 432 narum
1416 398 1431 446 (
1463 394 1566 431 ldein
1609 395 1744 444 repetit
1774 395 1888 431 etiam
1931 409 2016 443 cap.
2038 410 2103 436 20.
2134 399 2167 435 8(
2198 416 2277 454 seq.
2308 404 2342 441 &

1232 448 1322 486 Lib.
1339 447 1408 485 lv.
1425 456 1550 485 contr.
1571 446 1710 484 Μιινε.
1731 460 1818 497 cap.
1836 448 1872 484 5.
1905 447 1942 495 ).
1974 448 2022 485 Et
2044 459 2166 499 postea
2196 455 2247 492 ita
2264 470 2342 494 rem

1231 511 1359 539 contra
1391 501 1599 538 Haereticos
1627 499 1842 538 concludit:
1890 500 1939 537 1η
1968 514 2160 552 summit,
2190 510 2223 542 si
2252 521 2344 545 con-

1232 563 1334 602 stitt,
1378 553 1418 591 iil
1447 558 1599 600 verius,
1627 553 1730 604 quoti
1757 558 1895 603 prius,·
1939 553 1979 590 il
2007 559 2135 605 prius,
2165 560 2267 607 quoti
2294 561 2344 597 ab

1232 610 1372 651 initi05
1402 606 1440 643 ι’]
1469 606 1520 644 ab
1547 610 1684 654 initio,
1714 606 1816 657 quod
1842 606 1894 644 ab
1924 607 2122 658 Apostolis
2143 625 2158 654 ,-
2197 617 2346 661 par-tter

1234 664 1367 709 utique
1397 658 1589 697 constabit
1609 690 1618 707 ‚
1650 659 1690 697 i<l
1717 674 1804 698 esse
1833 659 1884 697 ab
1905 660 2101 710 Apostolis
2129 665 2346 713 traditum,

1235 712 1336 762 quozl
1378 713 1484 762 apud
1512 712 1721 751 Ecclesius
1751 714 2026 765 Apostolorum
2043 715 2176 766 suerit
2212 732 2346 757 sacro-

1236 764 1420 802 sancium
1438 791 1449 803 .
1480 767 1549 804 His
1571 768 1779 818 praemissis
1794 797 1806 815 ,
1837 766 1939 806 haud
1962 769 2121 808 difficile
2142 771 2211 809 erit
2241 787 2348 813 men-

1234 826 1309 854 tem
1342 817 1572 856 Tertulliani
1603 820 1822 871 explicare.
1921 857 1927 862 ,

1290 871 1355 921 59.
1385 870 1601 923 thuidein
1624 875 1749 924 primo
1778 874 1815 911 in
1846 873 1928 912 loco
1947 873 2096 926 objesto
2111 880 2235 929 arguit
2251 879 2346 917 Her-

1237 923 1407 973 mogenis
1437 926 1686 962 temeritatem
1703 956 1712 973 ,
1742 928 1808 978 qui
1830 928 1877 964 iis
1891 928 2102 981 Scripturae
2121 933 2268 981 verbis,
2299 932 2349 971 In

1236 978 1427 1025 principio
1455 981 1604 1014 creavit
1633 977 1743 1015 Deus
1773 980 1940 1028 coelum,
1987 983 2036 1022 <ir
2066 992 2244 1033 terram,
2271 985 2345 1024 ali-

1235 1028 1330 1080 quid
1360 1029 1498 1066 addere
1527 1044 1640 1067 ausus
1671 1032 1792 1068 fuerat
1811 1062 1820 1078 ,
1851 1034 1925 1083 ipsi
1955 1033 2189 1086 Scripturae,
2228 1039 2262 1075 ὃς
2291 1052 2350 1076 οἳη

1234 1081 1408 1119 thodoxae
1422 1082 1886 1129 traditionicontrarium3
1907 1085 2049 1124 scilicet
2066 1103 2208 1128 creasse
2223 1093 2350 1129 Deum

1235 1133 1378 1173 coelum
1397 1164 1407 1183 ,
1450 1134 1483 1171 &
1514 1143 1654 1172 terram
1684 1149 1758 1173 non
1787 1149 1833 1172 ex
1863 1136 2012 1185 nihilo,
2052 1142 2115 1178 sed
2143 1156 2187 1179 ex
2218 1143 2350 1195 aliqua

1235 1188 1468 1240 subjacente
1499 1192 1698 1235 materia,
1745 1203 1864 1240 quam
1894 1192 2050 1228 nomine
2090 1198 2269 1244 principii
2299 1199 2349 1234 si-

1236 1242 1412 1292 gnifi-cari
1455 1241 1632 1280 volebat.
1681 1241 1882 1294 Propterea
1917 1243 2011 1281 dicit
2043 1245 2244 1285 Africanus
2274 1248 2353 1285 Do-

1238 1294 1340 1331 &orz
1380 1294 1515 1332 Adoro
1545 1295 1756 1345 Scripturoe
1784 1296 2097 1347 plenitudinem,
2129 1301 2247 1350 idest,
2277 1316 2351 1339 non

1238 1349 1384 1400 recipio
1402 1378 1412 1395 ,
1442 1348 1542 1400 quod
1567 1347 1624 1385 illi
1645 1349 1901 1399 Hermogenes
1920 1350 1966 1386 de
1995 1365 2062 1389 suo
2081 1354 2254 1393 addidit.
2285 1355 2351 1393 Po.

1238 1410 1314 1439 stea
1345 1401 1495 1439 subdit:
1543 1401 1585 1438 St
1614 1414 1694 1438 non
1737 1411 1794 1438 est
1837 1407 2024 1452 scriptum
2056 1409 2070 1455 (
2102 1407 2354 1460 Hermogenis

1240 1455 1541 1492 additamentum
1573 1455 1587 1503 )
1619 1459 1760 1492 timeat
1787 1468 1847 1492 ‹¹oe
1866 1456 1961 1493 illud
1980 1458 2256 1509 adjicientibus
2285 1461 2351 1499 ‹le-

1244 1512 1470 1552 slitmtum5
1519 1507 1589 1546 hoc
1619 1517 1669 1545 est
1698 1521 1773 1546 non
1801 1521 1847 1545 ex
1876 1522 1920 1545 eo
1955 1509 2077 1548 solum
2096 1541 2106 1560 ,
2155 1516 2248 1565 quia
2279 1529 2351 1552 non

1240 1570 1291 1599 est
1321 1563 1506 1613 scriptum
1525 1591 1535 1608 ,
1565 1562 1628 1598 sed
1658 1562 1748 1612 quia
1779 1562 1934 1613 insuper
1963 1563 2113 1602 nullum
2145 1565 2257 1604 habet
2288 1581 2349 1605 ne-

1240 1614 1332 1651 dum
1365 1616 1401 1651 in
1431 1616 1547 1652 sacris
1577 1613 1711 1651 litteris
1732 1644 1743 1662 ,
1790 1615 1853 1652 sed
1883 1629 2004 1668 neque
2037 1619 2075 1655 in
2106 1621 2205 1657 veris
2234 1621 2349 1659 tradi-

1238 1667 1404 1706 tionibus
1434 1668 1755 1715 fundanientum,
1795 1669 1874 1705 imo
1903 1679 1953 1706 est
1996 1673 2164 1723 utrisque
2206 1683 2351 1711 contra-

1240 1722 1369 1758 rium.
1401 1717 1483 1759 Hoc
1512 1730 1639 1758 autem
1670 1719 1904 1758 Tertulliani
1934 1735 2231 1774 argumentum,
2269 1728 2351 1763 ideo

1240 1773 1382 1812 falsum
1425 1774 1575 1826 aliquid
1605 1783 1821 1826 reputetur,
1870 1775 1961 1826 quia
1992 1778 2030 1812 in
2074 1780 2190 1814 sacris
2218 1778 2352 1817 litteris

1241 1837 1314 1865 non
1345 1828 1537 1864 invenitur
1565 1828 1748 1879 scriptum
1768 1857 1777 1874 ,
1825 1827 1855 1864 si
1886 1827 2112 1877 generaliter
2149 1841 2320 1869 sumatur
2343 1863 2351 1877 ,

1241 1890 1341 1917 certe
1358 1880 1556 1917 infirmum
1573 1889 1624 1916 est
1641 1909 1651 1926 ,
1681 1893 1758 1917 non
1776 1889 1901 1917 autem
1926 1881 1965 1918 in
1995 1895 2038 1918 ea
2068 1896 2177 1920 causa
2195 1913 2206 1931 ,
2235 1899 2353 1936 quani

1243 1932 1506 1970 Tertullianus
1547 1946 1638 1969 cuin
1667 1932 1905 1983 Hermogene
1948 1927 2137 1974 habeba-t.
2187 1938 2219 1973 ls
2247 1940 2351 1976 enim

1240 1984 1387 2022 coelum
1406 2015 1416 2033 ,
1447 1985 1480 2021 8(
1511 1994 1650 2023 terrain
1680 1998 1725 2022 ex
1745 1985 1968 2036 subjacente
1999 1991 2157 2027 materia
2186 2001 2353 2029 creatam

1241 2038 1357 2075 fuisse
1385 2038 1629 2086 somniabat,
1675 2039 1777 2090 quod
1808 2040 1947 2077 nedum
1978 2041 2015 2078 in
2045 2043 2242 2093 scripturis
2280 2058 2353 2082 non

1241 2093 1452 2143 reperitur,
1500 2091 1564 2128 sed
1595 2090 1627 2126 8(
1656 2091 1866 2129 absurdum
1897 2106 1965 2143 per
1992 2108 2029 2130 se
2058 2103 2132 2142 est,
2172 2095 2208 2131 ἃ
2236 2099 2354 2135 sacris

1240 2143 1376 2182 litteris
1394 2174 1404 2192 ,
1434 2145 1468 2180 δε
1498 2157 1599 2183 verae
1630 2143 1824 2181 traditioni
1853 2147 2066 2196 oppositum
2085 2172 2095 2184 .

1298 2196 1364 2234 60.
1395 2197 1507 2243 Quod
1553 2209 1643 2234 vero
1683 2196 1779 2234 alibi
1825 2196 1918 2247 (tle
1947 2197 2168 2238 Resurreff.
2215 2206 2353 2240 carnis

1239 2263 1325 2301 cap.
1351 2250 1387 2288 5.
1418 2249 1433 2298 )
1463 2250 1583 2287 dixit:
1633 2248 1759 2299 Aufer
1799 2248 1996 2288 lzaerelicis
2025 2251 2094 2290 &c.
2122 2263 2176 2291 est
2213 2255 2351 2293 intelli-

1239 2303 1402 2354 gendum
1435 2315 1501 2353 per
1521 2301 1779 2341 exclusionem
1809 2303 1992 2342 falsarum
2015 2307 2206 2344 rationum
2223 2337 2233 2355 ,
2263 2310 2351 2359 qui-

1240 2355 1312 2393 bus
1343 2355 1512 2394 haeretici
1541 2356 1701 2406 qnidam
1731 2369 1775 2393 ex
1797 2355 2043 2409 Philosophia
2072 2360 2197 2397 carnis
2227 2374 2351 2398 resur-

1241 2407 1449 2447 restionem
1493 2418 1623 2447 contra
1653 2408 1869 2461 Scripturas
1911 2411 2223 2462 impugnabant,
2272 2427 2348 2453 non

1240 2471 1368 2500 autem
1400 2476 1468 2514 per
1496 2460 1755 2500 exclusionem
1785 2477 1885 2501 verae
1905 2493 1914 2511 ,
1946 2463 1979 2500 &
2008 2465 2150 2503 divinae
2181 2467 2351 2504 traditio-

1242 2516 1320 2564 nis,
1349 2529 1438 2567 quae
1469 2529 1682 2568 numquam
1711 2517 1828 2554 sacris
1857 2514 1989 2555 litteris
2017 2521 2250 2571 opponitur,
2283 2534 2351 2559 un-

1240 2569 1288 2606 de
1317 2570 1474 2616 subdit,
1503 2569 1690 2620 cogendos
1719 2583 1798 2607 esse
1827 2569 2058 2619 Haereticos,
2101 2581 2141 2609 ut
2169 2565 2216 2610 'tle
2247 2573 2350 2611 Scri-

1242 2625 1364 2671 pturis
1395 2623 1486 2659 solis
1516 2625 1753 2673 quaestiones
1782 2636 1878 2660 suits
1907 2629 2081 2661 sistant:
2129 2625 2199 2664 hoc
2229 2637 2280 2664 est
2309 2643 2349 2666 a-

1243 2674 1448 2727 blegandus
1478 2688 1554 2712 esse
1585 2676 1746 2713 rationes
1765 2675 2075 2729 philosophicas,
2108 2679 2173 2716 ubi
2202 2679 2248 2717 de
2265 2694 2350 2733 my-

1243 2730 1365 2766 steriis
1395 2730 1545 2780 agitur,
1591 2727 1707 2780 quale
1737 2738 1789 2766 est
1817 2727 1915 2768 illud
1957 2730 2240 2771 resurrefflonis
2267 2748 2350 2772 car·

1243 2784 1326 2830 nis,
1356 2782 1401 2818 de
1429 2794 1506 2834 quo
1536 2781 1676 2819 ibidem
1707 2781 1947 2834 disputabat3
1976 2797 2051 2821 non
2081 2794 2206 2824 autem
2237 2787 2349 2835 vult,

1240 2848 1319 2873 una
1348 2848 1438 2872 cum
1468 2833 1571 2872 falsis
1600 2834 1810 2872 rationibus
1852 2837 1965 2873 etiam
1995 2840 2348 2886 veras‚traditi011es

1240 2902 1319 2925 esse
1349 2887 1601 2932 eliminandas
1619 2914 1629 2926 .
1672 2887 1758 2924 ldeo
1785 2897 1910 2926 autem
1942 2890 2150 2930 Haereticos
2178 2893 2348 2944 appellat

1242 2940 1441 2993 lucifugas
1470 2940 1794 2990 Scripturarum,
1823 2943 1915 2993 quia
1944 2956 2077 2982 verum
2095 2973 2105 2992 ,
2152 2944 2187 2980 &
2214 2949 2348 2997 genni-

1243 3009 1336 3034 num
1353 2995 1636 3046 Scripturarum
1658 3008 1808 3032 sensnm
1827 3025 1838 3043 ,
1867 2998 1987 3046 ipsius
2007 2998 2100 3035 solis
2109 2997 2222 3036 raclio
2251 3013 2346 3038 scri«

1242 3057 1350 3098 ptum
1369 3077 1378 3095 ,
1410 3056 1449 3084 nt
1478 3048 1557 3098 ipse
1587 3048 1712 3098 inquit
1739 3049 2061 3101 corrumpebant.

1297 3099 1361 3138 61.
1391 3099 1592 3137 Postremis
1635 3100 1760 3138 verbis
1790 3105 1805 3152 (
1849 3100 1898 3139 tle
1932 3115 2058 3142 carne
2091 3103 2232 3143 Christi
2260 3119 2343 3156 cap·

1246 3167 1282 3205 7.
1313 3153 1327 3202 )
1358 3153 1546 3204 significat
1560 3151 1846 3204 Tertullianus,
1875 3169 1913 3194 se
1940 3169 2016 3195 non
2046 3160 2213 3211 recipere
2231 3158 2340 3207 Apel-

2243 3209 2288 3245 lis

116 3318 163 3357 (a)
192 3315 263 3359 Qui
294 3324 380 3350 teste
407 3318 538 3363 Fleury
562 3316 660 3353 Hisc-
686 3316 826 3354 Eccles.
864 3319 940 3354 Lib.
969 3319 1011 3353 V.
1051 3331 1084 3351 n.
1115 3317 1281 3352 28.1n:er
1306 3313 1464 3348 utiliores
1492 3313 1704 3348 Tertulliani
1732 3312 1840 3348 libros
1865 3325 2085 3350 recensetur.
