2564 3706
226 66 309 108 186

217 143 283 190 40.
313 141 386 179 Sed
423 136 589 176 breviter
630 130 815 170 balterius
856 129 983 169 allatae
1027 128 1271 166 refutantur.

161 195 292 235 Prima
322 189 580 242 interpretatio
608 186 766 225 infirma
804 198 956 238 prorsus
984 191 1064 227 est;
1111 182 1141 218 si
1171 179 1273 215 euim

162 248 338 288 Ecclesia
380 244 504 281 solum
533 250 654 280 custos
697 246 789 277 esset
816 250 1010 276 sacrorum
1050 233 1238 271 librorum
1261 257 1271 276 ,

163 302 287 353 potius
309 309 407 336 arere
427 327 437 346 ,
465 308 583 348 quam
605 291 796 332 columnae
819 289 1033 342 comparari
1063 284 1273 326 debuisset3

164 366 265 392 arcae
295 353 397 389 enim
426 360 480 388 est
508 359 759 392 conservare,
796 343 986 383 coluumae
1016 349 1105 376 vero
1134 343 1274 373 susten-

163 416 242 445 tare
261 432 271 444 .
302 406 405 443 Hinc
435 403 561 442 Judaei
581 431 592 450 ,
633 401 703 454 qui
732 408 839 437 vetus
868 396 1154 434 Testamentum
1183 399 1275 424 con—

163 468 341 507 servant,
370 457 540 510 ejusdem
573 453 757 506 Capsarii
785 466 807 489 a
835 449 875 487 S,
906 443 1116 497 Augustino
1143 439 1276 493 appel-

165 513 233 552 lati
262 521 347 551 sunt
365 538 375 550 .

222 566 289 612 41.
321 565 409 604 Alia
440 563 644 616 explicatio
663 554 814 597 Calvini
843 550 991 590 admitti
1013 555 1153 602 potest,
1183 547 1212 585 si
1235 559 1279 582 eo

167 633 277 659 sensu
307 617 537 668 intelligatur
556 646 565 662 ,
595 611 777 651 Ecclesiae
809 618 946 644 munus
974 617 1078 650 esse,
1109 603 1158 639 ita
1179 613 1279 652 prae—

168 675 299 712 dicare
317 702 326 720 ,
376 671 409 707 &
439 669 639 707 defendere
668 665 863 700 veritatem
883 688 894 706 ,
941 666 981 695 ut
1012 668 1207 707 nunquam
1237 655 1279 690 in

169 725 241 764 hoc
271 738 430 764 munere
459 720 634 759 obeundo
662 715 823 753 deficere
855 712 994 764 possit;
1024 710 1062 747 id
1091 709 1192 746 enim
1224 707 1280 744 in—

171 781 301 818 dicant
328 793 373 816 ea
400 775 541 814 verba:
572 770 760 808 columna
777 798 787 815 ,
816 763 1191 818 &firmamentum
1222 773 1283 799 ve·

168 836 328 880 ritatis,
357 830 553 883 praecipue
583 826 612 861 si
641 836 732 861 cum
761 818 888 859 allatis
916 819 1092 871 superius
1119 816 1283 869 promis·

169 885 339 924 sionibus
367 881 504 920 Christi
534 876 841 928 conjungantur.

224 939 289 984 [ρ.
320 937 398 983 Qui
428 945 517 972 vero
557 930 712 969 laudata
753 926 872 967 verba
909 924 957 965 ad
987 921 1201 963 Ecclesiam
1227 918 1281 960 E-

168 990 368 1043 phesinam
398 987 628 1037 restringunt
646 1013 656 1031 ,
688 983 725 1021 id
746 983 827 1021 sine
855 978 938 1018 ullo
958 979 1207 1016 fundamento
1229 975 1283 1013 fa·

169 1045 303 1091 ciunt,
351 1054 440 1080 cum
473 1036 673 1092 Apostolus
702 1035 911 1088 generatim
949 1033 994 1070 de
1023 1030 1198 1069 Ecclesia
1229 1027 1284 1065 lo-

168 1106 337 1149 quatur,
367 1093 478 1145 cujus
497 1123 508 1140 ,
551 1101 590 1129 ut
618 1103 734 1142 supra
760 1088 931 1127 vidimus
960 1099 1050 1124 cum
1081 1084 1122 1123 S.
1154 1083 1286 1133 Augu—

171 1153 289 1198 stino,
319 1158 462 1186 tantam
490 1146 635 1184 indicat
664 1156 741 1182 esse
770 1141 1021 1188 firmitatem,
1052 1138 1085 1174 &
1115 1145 1287 1175 constan-

171 1206 268 1242 tiam
284 1204 323 1240 in
344 1202 419 1239 fide
436 1230 445 1248 ,
476 1208 612 1237 utnon
641 1197 850 1235 inclinetur
865 1198 906 1231 in
922 1192 1114 1231 saeculum
1128 1188 1288 1226 saeculi.

226 1256 293 1302 45.
324 1255 512 1303 Quartam
542 1249 892 1302 interpretationem
923 1245 1062 1283 falsam
1090 1256 1189 1288 esse,
1232 1241 1290 1277 fa—

174 1309 250 1349 cile
279 1317 438 1361 apparet
467 1319 511 1343 ex
540 1307 622 1355 ipso
651 1309 776 1339 textu:
824 1312 897 1337 non
927 1299 1034 1335 enim
1077 1295 1124 1333 ad
1153 1294 1290 1331 Timo-

174 1364 335 1409 iheum,
383 1360 446 1398 sed
474 1359 521 1396 ad
550 1353 766 1394 Ecclesiam
810 1365 854 1389 ea
883 1350 1001 1389 verba
1043 1349 1290 1386 referuntur:

177 1416 376 1453 Columna
393 1443 404 1460 ,
434 1409 811 1463 &firmamentum
833 1406 1010 1443 veritatis
1026 1429 1037 1441 .
1067 1401 1200 1453 Neque
1220 1398 1288 1437 ob·

175 1477 270 1515 stet,
303 1467 416 1504 fuisse
433 1473 513 1501 tum
531 1465 574 1500 in
596 1461 713 1499 sacris
734 1459 866 1497 litteris
884 1488 894 1506 ,
923 1466 1005 1495 tum
1025 1456 1165 1507 saepius
1185 1452 1290 1506 apud

173 1520 316 1560 sanetos
344 1518 472 1557 Patres
513 1515 679 1568 egregios
709 1512 893 1551 Ecclesiae
922 1510 1090 1549 Pastores
1130 1508 1291 1546 nomine

174 1575 402 1620 columnce,
437 1569 594 1623 fulcri,
631 1568 681 1608 Θ
699 1566 965 1620 firmamenti
994 1565 1172 1603 veritatis
1201 1560 1293 1598 insi-

178 1631 328 1679 gnitos.
376 1624 552 1673 Quilibet
582 1622 684 1661 enim
715 1619 829 1658 facile
859 1619 989 1667 videt,
1018 1618 1058 1656 in
1088 1615 1294 1655 verborum

176 1680 426 1721 similitudine
455 1690 635 1730 magnam
656 1688 781 1713 sensus
810 1673 1067 1712 diversitatem
1089 1700 1099 1718 ,
1130 1678 1169 1707 ut
1188 1682 1294 1706 nem-

179 1751 226 1788 pe
255 1732 430 1773 Ecclesia
458 1733 496 1770 in
526 1744 636 1769 sensu
666 1728 823 1780 proprio
851 1728 901 1765 ita
931 1724 1172 1778 appelletur,
1203 1722 1296 1774 quia

179 1802 227 1826 ex
255 1787 396 1826 Christi
424 1782 743 1837 promissionibus
772 1796 795 1819 a
830 1781 987 1820 veritate
1016 1778 1191 1817 excidere
1221 1788 1296 1813 non

179 1850 329 1894 ·potest;
375 1839 444 1877 alii
473 1852 563 1877 vero
604 1838 642 1874 in
672 1848 781 1873 sensu
810 1835 940 1872 minus
969 1833 1153 1885 proprio,
1201 1830 1294 1882 quia

182 1895 381 1933 veritatem
409 1905 482 1945 pro
511 1905 577 1929 sua
606 1888 713 1928 virili
748 1887 982 1925 defendunt.
1026 1885 1093 1923 vSic
1123 1882 1298 1922 Christus

182 1957 238 1986 est
278 1948 404 2000 prima
446 1944 614 1981 veritatis
642 1940 850 1988 columna,
899 1952 965 1977 seu
1007 1939 1131 1990 potins
1159 1936 1300 1974 veritas

186 2003 296 2053 ipsa3
325 1997 497 2037 Ecclesia
517 2005 568 2034 est
587 1995 732 2047 pariter
752 1991 933 2031 columna
952 1991 1119 2029 veritatis
1134 1990 1174 2026 in
1190 1987 1302 2025 Chri·
1325 2004 1331 2009 ¹

187 2064 243 2092 sto
271 2053 456 2097 fundata3
487 2064 531 2088 ac
559 2050 717 2087 demum
747 2044 865 2084 sansti
885 2044 1066 2083 D080res
1095 2039 1302 2094 possunt&

188 2107 260 2158 ipsi
289 2105 420 2144 vocari
450 2102 640 2141 columnae
672 2100 865 2146 veritatis,
895 2106 1008 2149 prout
1028 2094 1214 2134 Ecclesiae
1245 2095 1304 2132 in·

191 2160 365 2198 haerent..

243 2212 310 2259 44.
341 2210 486 2259 Quinta
526 2203 787 2261 interpretatio
827 2202 873 2242 de
902 2200 1080 2242 Ecclesia
1114 2196 1305 2239 invisibili

189 2267 308 2305 textui
329 2262 457 2303 sanai
476 2261 587 2302 Pauli
617 2268 746 2313 aperte
775 2265 962 2310 repugnat
979 2286 990 2305 ,
1018 2255 1087 2308 qui
1107 2261 1306 2306 praecepta

192 2317 397 2359 Timotheo
425 2319 515 2365 dat,
558 2313 748 2368 quomodo
776 2311 911 2350 debeat
940 2311 979 2348 in
1007 2306 1183 2347 Ecclesia
1212 2319 1306 2349 con-

191 2378 370 2420 versari,
400 2370 694 2420 elumps'tprou,
723 2365 824 2418 quod
854 2372 953 2402 certe
981 2364 1027 2401 de
1044 2361 1221 2402 Ecclesia
1248 2361 1307 2400 vi·

194 2428 299 2466 sibili
329 2422 491 2475 intelligi
520 2421 657 2469 debet,
705 2420 738 2456 8<
768 2433 858 2471 quae
897 2431 986 2456 cum
1016 2416 1073 2453 ibi
1101 2415 1230 2464 πόλος,
1275 2420 1309 2465 νῆ

197 2476 392 2531 ispe-viauae
412 2468 675 2519 τῆςαῖληθεῖας
695 2481 851 2513 vocetur
867 2500 878 2520 ,
909 2469 1015 2509 nullo
1036 2480 1209 2521 unquam
1229 2479 1312 2506 mo-

188 2534 243 2572 >do
270 2531 433 2570 deficere
461 2535 606 2582 potest.

250 2586 317 2632 45.
346 2584 426 2632 Qui
441 2583 596 2621 demum
617 2580 810 2633 syntaxim
825 2585 1004 2626 mutant,
1032 2583 1312 2629 praeterquam—

198 2641 299 2692 quod
329 2637 551 2676 temeritatis
579 2645 707 2673 notam
741 2647 814 2672 non
843 2632 1058 2684 effugiunt,
1096 2628 1207 2667 aliter
1235 2636 1313 2665 tex-

199 2704 281 2731 tum
312 2692 599 2737 coordinantes,
645 2702 764 2741 quam
794 2702 816 2725 a
846 2685 1059 2737 majoribus
1097 2683 1230 2721 nostris
1259 2680 1313 2718 le·

203 2747 280 2784 &us
296 2776 306 2795 ,
336 2745 371 2783 ἃ
388 2742 597 2784 ἱηιεΠεᾶὶυε
627 2742 700 2780 fuit
716 2772 726 2790 ,
755 2742 870 2779 etiam
892 2752 1045 2777 sensum
1065 2736 1313 2789 perturbant,

205 2799 237 2833 8³
267 2803 439 2848 mirum,
468 2796 596 2849 inquit
616 2796 782 2834 *Grotius
812 2797 826 2846 (
858 2793 1123 2832 inComment.
1154 2790 1313 2841 )quam

207 2851 382 2890 laborent
400 2883 410 2901 ,
447 2860 486 2889 ut
516 2850 601 2888 lzaec
624 2847 747 2887 verba
776 2850 954 2900 sequenti
981 2842 1141 2897 periodo
1169 2855 1316 2881 conne-

208 2903 317 2941 t‘iunt
335 2931 344 2942 .
373 2906 539 2943 Omnino
568 2903 630 2942 hic
660 2904 735 2941 duo
763 2902 837 2940 sibi
866 2900 949 2940 vult
979 2896 1205 2952 Apostolus:
1236 2897 1316 2949 pri-

210 2970 275 2996 mo
302 2957 482 2996 Ecclesiae
512 2956 773 2995 austeritatem
803 2953 1101 3001 commendare,
1139 2964 1223 2989 eam
1255 2963 1319 2988 co-

212 3011 397 3049 lumnam
425 3023 500 3048 esse
527 3012 682 3060 dicens,
711 3010 746 3047 8<
764 3009 1085 3063 firmamentum
1114 3008 1291 3044 veritatis
1305 3018 1322 3049 ,-

216 3139 498 3191 adversariorum
524 3139 870 3184 interpretationibus
896 3136 985 3173 illud
1023 3136 1179 3182 apposite
1203 3145 1328 3170 occur-

217 3195 292 3227 rit,
328 3185 419 3231 quod
446 3184 488 3218 de
515 3185 690 3218 Gnosticis
715 3187 799 3218 olim
835 3185 975 3219 dicebat
1001 3186 1037 3218 S.
1064 3187 1215 3218 lrenaeus
1242 3183 1320 3216 Lib.

216 3233 279 3268 JV.
306 3243 380 3277 cap.
407 3232 464 3265 35.
509 3231 590 3263 Cum
615 3235 721 3274 igitur
746 3236 838 3264 inter
862 3245 921 3265 eos
947 3234 1143 3265 convenerit
1178 3232 1222 3263 de
1249 3233 1323 3269 iis,

219 3292 282 3325 qux
308 3283 346 3313 in
372 3278 566 3323 scripturis
593 3285 669 3313 sunt
694 3279 874 3321 pradilia,
897 3286 974 3313 tunc
999 3291 1019 3315 a
1044 3279 1142 3314 nobis
1166 3277 1324 3322 ceriferae

785 49 935 95 PARS
968 47 1025 93 ΙΙ.
1057 40 1457 92 DISSERTATIO
1490 39 1568 83 III.
1601 37 1731 82 CAP.
1762 36 1842 80 111.

1341 128 1421 172 post
1450 127 1577 156 autem
1606 115 1800 166 explicare
1818 145 1829 163 ,
1857 128 1946 168 quae
1968 114 2016 153 sit
2044 110 2268 165 hujusmodi
2297 111 2455 160 veritas,

1341 185 1459 223 quam
1480 169 1654 208 Ecclesia
1683 176 1886 216 sustentat,
1916 167 2062 206 scilicet
2078 165 2350 205 incarnationis
2370 177 2455 216 my·-

1342 225 1499 262 sterium
1518 251 1530 270 ,
1577 219 1681 273 quod
1709 226 1845 267 vocat,
1893 233 2089 272 magnum
2118 222 2277 270 pietatis
2307 216 2457 254 Sacra-

1343 285 1524 315 mentum
1541 305 1553 324 ,
1596 273 1632 310 &
1660 274 1698 311 in
1727 284 1806 325 quo
1833 271 1938 310 velut
1966 275 2006 310 in
2035 272 2172 312 nucleo
2205 273 2338 310 omnia
2369 269 2459 308 reli-

1341 330 1465 382 gionis
1495 337 1632 367 nostrae
1660 327 1836 378 dogmata
1864 325 2102 363 continentur
2123 352 2134 364 .

1398 382 1464 428 46.
1494 382 1574 420 Nec
1604 378 1733 420 valent
1769 377 2001 430 conjesturae
2035 378 2130 416 Abr.
2159 376 2345 417 Schulteti
2376 379 2391 429 (
2421 376 2461 413 in

1345 434 1492 476 observ.
1523 435 1572 473 ad
1601 433 1702 472 hunc
1732 430 1898 481 locum)
1929 431 2076 471 scilicet
2103 444 2136 470 ι.
2165 444 2381 482 suspensam
2404 430 2462 468 vi·-

1345 491 1426 528 deri
1455 488 1689 534 diffionem,
1726 499 1817 524 cum
1845 487 2041 539 sequentia
2072 484 2268 538 prioribus
2297 498 2368 522 non
2397 496 2462 521 co-

1347 543 1539 581 haereant:
1573 555 1610 579 2.
1639 540 1733 593 quia
1763 538 1961 590 Apostolus
1989 555 2011 578 a
2039 534 2305 590 conjuntffioue
2332 535 2367 573 8<
2397 549 2463 574 no·a

1348 610 1441 635 vum
1470 602 1742 647 argumentum
1772 591 1988 631 inchoaret:
2019 591 2058 632 5.
2086 593 2228 632 durum
2257 602 2358 638 esse,
2386 590 2463 628 Ec-

1348 649 1507 688 clesiam
1536 649 1615 686 dici
1645 645 1866 686 columnam
1898 647 2092 695 veritatis,
2129 659 2219 685 cum
2248 645 2373 696 potius
2402 657 2467 683 ve·

1349 705 1442 741 ritas
1470 704 1515 740 sit
1535 701 1717 740 columna
1738 697 1923 737 Ecclesiae
1940 713 1952 746 3
1980 700 2082 752 quod
2111 698 2290 752 pluribus
2310 695 2467 736 Patrum

1349 755 1461 796 distis
1490 754 1713 793 confit-mari
1742 760 1885 805 potest.

1405 810 1471 861 47.
1501 810 1646 847 Omnes
1675 807 1778 847 enim
1820 819 1932 845 vanae
1975 813 2061 845 sunt
2102 803 2163 843 11ae
2201 808 2433 859 conjefihirae
2455 837 2468 858 ,

1349 877 1517 916 quarum
1548 862 1654 915 prior
1682 869 1734 899 est
1763 868 1893 912 aperte
1922 859 2018 898 falsa
2036 887 2047 908 ,
2077 873 2170 898 cum
2198 863 2344 913 optime
2375 862 2472 902 fluat

1350 931 1478 957 sensus
1495 943 1505 955 .
1549 915 1679 953 Altera
1708 922 1760 952 est
1788 915 1904 952 etiam
1932 912 2056 962 falsa,
2098 914 2192 965 quia
2218 926 2296 953 non
2324 928 2472 954 novum

1352 978 1623 1023 argumentum
1646 966 1845 1021 Apostolus
1867 965 2040 1006 inchoat:
2071 967 2208 1005 deinde
2228 980 2298 1006 nec
2328 978 2382 1007 est
2411 970 2471 1007 in-

1353 1024 1473 1063 solens
1502 1026 1543 1061 in
1573 1022 1688 1062 sacris
1715 1020 1870 1060 Litteris
1888 1049 1898 1068 ‚
1947 1030 1987 1059 ut
2014 1021 2106 1060 novi
2150 1022 2366 1072 argumenti
2396 1023 2473 1060 ini-

1351 1079 1451 1116 tium
1481 1077 1701 1114 desumatur
1729 1090 1751 1112 a
1783 1072 1974 1126 particula
2011 1072 2257 1125 conjunstiva
2285 1074 2364 1116 &0
2411 1074 2474 1114 Ad

1352 1131 1508 1168 tertium
1531 1128 1608 1166 diei
1629 1126 1729 1166 reste
1751 1136 1894 1179 potest,
1924 1128 2122 1165 veritatem
2153 1141 2232 1166 esse
2247 1127 2473 1168 columnam

1356 1182 1542 1221 Ecclesiae
1561 1210 1571 1229 ,
1601 1182 1696 1233 quia
1723 1189 1777 1218 est
1808 1180 1966 1220 fundata
1995 1180 2036 1219 in
2066 1180 2249 1229 veritate,
2279 1181 2314 1218 8<
2346 1194 2476 1220 rursus

1357 1233 1572 1273 Ecclesiam
1601 1245 1679 1271 esse
1699 1230 1924 1271 columnam
1954 1234 2149 1281 veritatis,
2178 1235 2271 1286 quia
2300 1248 2345 1272 ex
2365 1234 2480 1274 Chri-

1358 1289 1404 1326 sti
1434 1285 1756 1340 promissionibus
1798 1298 1884 1322 eam
1915 1298 2065 1338 semper
2108 1287 2313 1333 retinebit3
2363 1297 2478 1340 atque

1357 1340 1432 1379 hoc
1460 1353 1571 1379 sensu
1599 1339 1696 1378 dixit
1726 1339 1842 1377 etiam
1869 1337 2163 1391 Chrysostomus
2193 1337 2309 1376 Hom.
2329 1337 2402 1378 XI.
2439 1342 2479 1379 in

1354 1393 1462 1433 hunc
1490 1393 1646 1432 locum:
1676 1395 1824 1430 veritas
1854 1399 1912 1429 est
1939 1391 2133 1430 columna
2162 1389 2363 1430 Ecclesiae
2380 1418 2390 1431 .

1413 1447 1480 1492 48.
1509 1447 1569 1486 Ad
1597 1445 1928 1499 comprobandam
1958 1453 2183 1498 perpetuam
2214 1444 2381 1484 visibilis
2409 1445 2483 1486 Ec·

1363 1501 1492 1540 clesiae
1524 1501 1564 1539 in
1583 1500 1727 1539 Christi
1757 1499 1833 1538 fide
1861 1501 2110 1537 constantiam
2131 1500 2338 1538 innumera
2367 1501 2486 1539 etiam

1359 1564 1502 1608 praesto
1530 1563 1618 1593 sunt
1644 1552 1705 1593 Ss.
1726 1552 1883 1591 Patrum
1914 1552 2131 1592 testimonia
2148 1582 2159 1601 ,
2188 1564 2232 1590 ex
2263 1551 2407 1605 quibus
2426 1563 2483 1592 ta-

1362 1621 1454 1647 men
1495 1609 1647 1647 nonnisi
1689 1621 1815 1660 pauca
1857 1606 2054 1646 brevitatis
2083 1606 2208 1644 studio
2249 1607 2486 1658 seligemus·

1364 1662 1413 1702 Et
1441 1661 1601 1715 quidem
1631 1673 1877 1700 communem
1909 1659 2009 1698 hanc
2039 1660 2154 1697 fuisse
2183 1661 2360 1698 omnium
2390 1660 2501 1703 fide-¹

1363 1715 1461 1754 lium
1486 1716 1773 1766 persuasionem
1791 1744 1802 1762 ,
1830 1713 2031 1752 manifeste
2051 1710 2246 1764 colligitur
2274 1726 2319 1751 ex
2350 1715 2489 1766 episto-

1363 1768 1403 1807 la
1433 1768 1644 1807 Alexandri
1672 1766 1907 1805 Patriarchae
1927 1765 2183 1804 Alexandrini
2213 1766 2259 1804 ad
2288 1780 2401 1805 suum
2423 1780 2488 1807 co-

1365 1823 1587 1874 gnominem
1619 1820 1883 1860 Alexandrum
1915 1818 2152 1872 Episcopum
2173 1819 2496 1871 Constantinopo-‘

1367 1876 1533 1914 litanum
1563 1879 1578 1927 (
1609 1875 1712 1928 apud
1741 1872 2027 1911 Theodoretum
2047 1871 2138 1911 Lib.
2159 1872 2191 1910 Ι.
2220 1870 2376 1911 Histor.
2405 1872 2487 1911 Ec-

1369 1929 1464 1967 cles.
1493 1940 1529 1968 c.
1552 1942 1589 1967 1.
1620 1928 1664 1977 ),
1692 1927 1792 1976 ubi,
1821 1926 2036 1979 profiteor,
2067 1927 2220 1978 inquit,
2250 1938 2407 1975 unam,
2436 1939 2490 1966 ac

1371 1983 1504 2020 solam
1536 1980 1789 2019 Catlzolicam
1810 1979 2047 2018 Ecclesiam
2063 2009 2074 2027 ,
2104 1992 2195 2028 quoe
2221 1991 2377 2029 semper
2405 1985 2490 2031 qui..

1371 2034 1465 2072 dem
1486 2031 1809 2085 inexpugnabilis
1824 2041 1884 2069 est
1900 2061 1913 2079 ,
1940 2032 2031 2069 licet
2048 2035 2252 2069 universus
2271 2032 2375 2071 orbis
2395 2047 2492 2073 eam

1372 2096 1599 2139 oppugnet:
1648 2085 1786 2123 vicirz'x
1826 2093 1966 2123 autem
1995 2092 2055 2122 est
2083 2089 2216 2123 omnis
2259 2089 2397 2139 impiae
2413 2088 2491 2139 fa-

1373 2141 1513 2178 &ionis
1551 2139 1859 2187 haereticorum,
1900 2141 1965 2189 qui
1993 2137 2185 2177 adversus
2222 2142 2355 2190 ipsam
2397 2154 2493 2180 con·

1373 2200 1541 2245 surgunt
1557 2217 1568 2230 .

1430 2247 1497 2299 49.
1525 2245 1567 2285 S.
1598 2245 1838 2298 Augustinus
1864 2241 1957 2282 Lib.
1977 2243 2027 2282 II.
2069 2240 2117 2282 de
2147 2242 2353 2285 Abraham
2396 2261 2431 2286 c·
2455 2247 2494 2289 5.

1375 2299 1595 2349 Ecclesia,
1625 2301 1663 2338 in
1696 2301 1782 2346 uit,
1811 2298 1988 2335 tunditur
2017 2299 2274 2338 saecularium
2302 2314 2495 2341 curarum

1360 2353 1557 2409 ,fluflibus
1574 2383 1584 2402 ,
1622 2315 1692 2391 seii
1721 2365 1802 2391 non
1830 2350 2055 2389 subruitur:
2098 2349 2288 2401 caeditur,
2317 2354 2386 2392 sed
2413 2368 2496 2393 non

1380 2406 1674 2459 labefaciant&
1704 2403 2198 2457 commotionesfluciuum
2218 2434 2229 2454 ,
2258 2406 2495 2447 &insurre-

1381 2461 1530 2500 &iones
1557 2464 1790 2513 passionum
1821 2460 2089 2510 corporalium
2106 2457 2255 2510 facilis
2290 2471 2499 2511 premere,

1381 2528 1434 2554 ac
1455 2518 1645 2567 mitigare
1659 2529 1675 2559 ,·
1704 2511 1855 2566 spet‘lat
1875 2514 2045 2551 aliorum
2075 2511 2302 2566 naufragia
2320 2517 2409 2566 ipsa
2424 2518 2500 2554 im·

1381 2567 1535 2607 mobilis
1554 2597 1564 2617 ,
1593 2569 1644 2609 Θ·
1672 2580 1815 2606 exsors
1842 2567 2004 2618 periculi
2033 2565 2105 2605 &c.

1438 2623 1501 2661 50.
1532 2622 1573 2661 S.
1601 2621 1661 2660 Jo.
1689 2621 1982 2674 'Chrysostomus
2011 2619 2127 2657 Hom.
2147 2616 2217 2657 IV.
2248 2620 2288 2658 in
2332 2619 2500 2672 isaiam,

1381 2674 1596 2724 Ecclesia,
1625 2676 1779 2728 inquit,
1798 2670 2076 2727 firmioribus,
2113 2685 2237 2724 quam
2266 2677 2394 2726 ipsum
2423 2689 2500 2713 coe-

1383 2732 1466 2768 lum
1495 2727 1693 2767 radicibus
1722 2727 1863 2780 defixa
1893 2725 2015 2764 ltoeret
2031 2739 2047 2771 ;
2064 2752 2073 2764 .
2091 2753 2102 2765 .
2120 2752 2130 2764 .
2159 2726 2321 2774 facilius
2351 2736 2410 2766 est
2437 2743 2501 2767 so-

1383 2785 1462 2823 lem
1492 2785 1700 2835 extingui,
1726 2795 1855 2833 quam
1875 2778 2106 2819 Ecclesiam
2130 2772 2252 2820 ‹leleri
2269 2808 2279 2820 .
2309 2780 2357 2819 Et
2387 2783 2426 2820 in
2449 2785 2502 2821 O-

1384 2840 1559 2885 ratione,
1589 2849 1707 2889 quam
1736 2834 1900 2883 habuit,
1930 2844 2136 2886 antequam
2168 2836 2237 2872 iret
2269 2836 2308 2873 in
2338 2836 2502 2875 exilium

1386 2897 1401 2944 (
1432 2891 1634 2930 Tom.111.
1662 2902 1750 2942 pag.
1779 2888 1865 2934 145.
1896 2888 1936 2937 ):
1965 2886 2102 2937 Nihil,
2134 2888 2284 2940 inquit,
2314 2888 2502 2928 Ecclesia

1388 2948 1585 2997 potentius
1602 2969 1613 2981 .
1632 2969 1642 2980 .
1660 2968 1670 2980 .
1700 2948 1734 2980 si
1750 2941 1980 2980 Ecclesiam
2001 2954 2202 2995 oppugnes
2218 2973 2228 2989 ,
2260 2947 2414 2982 vincere
2433 2956 2502 2981 ne-

1390 3004 1504 3053 quis:
1546 2995 1727 3036 omnibus
1756 3000 1894 3049 quippe
1910 2996 2062 3049 jortior
2090 3005 2150 3034 est
2177 2994 2291 3036 Deus
2315 2996 2380 3036 (5².
2418 2993 2501 3034 Ec-

2368 3050 2445 3087 cle-

1389 3129 1509 3165 buntur
1523 3153 1532 3162 .
1558 3129 1653 3164 Alias
1672 3127 1890 3161 vexatissirni
1909 3125 2015 3172 hujus
2037 3125 2103 3160 loci
2123 3126 2427 3171 interpretationes
2448 3137 2502 3160 re-

1389 3179 1457 3211 fert
1482 3176 1697 3211 doetissimus
1725 3176 1760 3208 P·
1787 3174 1996 3208 Bacchinins
2023 3173 2109 3208 Ortl.
2130 3175 2164 3207 S.
2181 3172 2308 3208 Bened.
2336 3174 2371 3207 in
2396 3175 2499 3208 tertia

1390 3230 1495 3270 epist·
1518 3225 1640 3268 polem-
1665 3223 1800 3259 advers·
1825 3221 1904 3258 Jac.
1929 3220 2154 3257 Piceninum.
