2564 3706
801 87 1192 134 REFELLITUR
1229 85 1622 134 'TOLERANTIS
1641 121 1652 133 .

81 171 212 227 Epist.
242 171 299 213 ad
324 166 674 222 Philadelplzenses
702 183 740 209 n.
763 169 801 209 5.
839 169 905 209 Ne
933 174 1071 210 erretis
1092 203 1102 222 ,
1133 172 1193 210 in-

79 231 191 283 quit,
220 227 384 280 fratres
412 229 518 263 mei.
562 225 604 263 Si
633 227 718 277 quis
753 223 931 262 schisma
961 224 1195 278 jacientem

79 281 276 329 seflatur,
320 282 436 331 regni
465 278 542 317 Dei
572 278 849 317 hoereditatem
877 292 960 316 non
989 284 1192 331 consequi—

81 345 143 375 tur
157 350 174 380 ;
214 337 248 372 si
276 336 362 384 quis
390 337 431 371 in
460 333 599 371 aliena
628 336 832 372 sententia
867 332 1076 383 ambulat,
1120 337 1193 373 iste

77 391 256 442 passioni
283 401 364 425 non
393 390 588 425 consentit
605 414 615 425 .

134 441 222 488 140.
251 441 430 480 Clemens
459 440 665 479 Alexandr.
689 441 778 479 Lib.
798 439 904 479 Vm.
935 440 1188 479 stromatum

75 509 115 535 u.
137 509 197 547 ¹7·
230 494 390 534 haereses
410 510 432 533 a
452 508 540 534 vera
561 494 735 533 Ecclesia
752 525 762 543 ,
792 508 881 548 quae
903 508 978 532 una
999 503 1076 544 est,
1107 509 1188 533 ma·

73 548 211 588 nifeste
239 549 423 601 sejungit,
467 547 501 584 8<
532 549 585 586 ita
613 548 830 586 concludit:
873 547 922 585 In
950 551 1066 586 unius
1095 561 1189 600 ergo

75 612 226 642 sortem
255 610 461 653 cooptatur
481 599 669 640 Ecclesia
687 633 697 650 ‚
727 615 817 653 quoe
837 611 895 640 est
924 615 1007 639 una
1024 632 1034 650 ,
1064 614 1189 653 quam

76 667 279 695 conantur
298 656 472 694 hoereses
491 659 532 692 in
554 656 702 694 multas
723 655 960 703 discindere,
977 655 1011 692 &
1034 657 1189 693 iterum:

80 708 279 749 Ecclesiae
307 713 559 759 eminentia,
603 713 701 748 sicut
730 713 967 761 principium
1009 718 1189 746 constru—

74 763 212 802 &ionis
229 794 240 812 ,
269 772 328 802 est
347 777 401 802 ex
421 768 599 802 unitate:
628 773 710 816 post
731 773 859 802 autem
881 762 1043 800 haereses
1059 793 1069 810 ,
1098 775 1188 814 quae,

72 817 291 857 Ecclesiam
319 817 393 856 Dei
422 818 658 857 conabantur
694 817 928 864 discindere,
965 825 1189 864 enumerat,

71 872 223 911 scilicet
266 870 467 920 Valentis,
511 870 745 918 Marcionis,
789 868 823 905 &
860 868 1065 916 Basilidis,
1107 877 1191 906 tum

71 924 363 974 Peraticorum,
406 924 632 978 Phrygum,
673 923 955 962 Encratitarum
980 952 991 970 ,
1035 920 1190 960 Docita-

71 991 189 1028 rum,
219 979 254 1016 ἃ
283 979 586 1018 Haematitarum
608 1006 619 1025 ,
646 975 932 1027 Cajanistarum
950 1004 960 1021 ,
992 973 1191 1026 Ophiano-

72 1044 162 1072 rum
180 1063 192 1082 ,
228 1033 263 1069 8<
293 1031 616 1086 Eutychitarum,
659 1042 755 1082 quas
782 1041 914 1066 omnes
941 1027 1100 1076 Jurius,
1150 1035 1192 1065 ut

71 1095 164 1140 puto
182 1117 193 1135 ‚
222 1088 323 1125 inter
341 1098 486 1124 errores
507 1080 812 1121 fundamentales
832 1095 907 1119 non
927 1080 1191 1120 enumerabit.

139 1140 229 1187 141.
259 1139 444 1190 Origenes
472 1145 601 1175 autem
622 1136 661 1174 in
681 1136 896 1174 Commeat,
927 1136 1038 1188 epist.
1054 1136 1101 1173 ad
1123 1134 1192 1173 Ti-

70 1196 156 1232 tum
199 1191 401 1230 haereticos
428 1202 694 1244 quoscumque
725 1205 747 1228 a
776 1188 900 1229 salute
942 1191 1100 1227 omnino
1129 1201 1193 1226 ex-

68 1244 221 1284 cludit.
263 1244 373 1283 Sicut
404 1243 481 1295 izi,
524 1245 683 1297 inquit,
726 1246 791 1295 qui
821 1240 1192 1295 fornicationibus,

69 1297 364 1348 immunditiis,
411 1308 534 1351 atque
579 1296 865 1350 impudicitiis,
908 1296 958 1338 <ir
998 1297 1194 1335 idolorum

70 1351 237 1391 cultibus
265 1353 460 1391 maculati
488 1360 606 1401 sunt,
648 1364 818 1405 regnum
849 1350 930 1389 Dei
957 1364 1039 1389 non
1068 1354 1193 1401 possi·

70 1405 216 1445 debunt
230 1422 247 1453 ;
290 1410 350 1444 ita
377 1407 428 1448 <9⁹
456 1405 523 1454 lii,
570 1409 635 1457 qui
664 1409 706 1443 in
735 1403 923 1444 haeresim
967 1404 1193 1444 declinare-

70 1469 190 1499 runt.
232 1460 283 1500 Et
312 1474 360 1499 ne
388 1461 476 1513 quis
504 1458 578 1498 sibi
607 1459 748 1513 fingat,
791 1460 1000 1511 Origenem
1039 1459 1193 1498 haeresis

70 1514 229 1553 nomine
257 1515 407 1552 nonnisi
433 1527 578 1552 errores
607 1513 912 1552 fundamentales
940 1512 1192 1561 intellexisse,

67 1567 352 1607 observandum
380 1577 461 1617 est,
503 1580 564 1605 eos
592 1569 710 1606 etiam
749 1569 847 1605 inter
889 1566 1089 1605 haereticos
1120 1567 1194 1605 ibi-

73 1622 164 1661 dem
193 1635 429 1670 receusere,.
458 1624 524 1671 qui
552 1633 634 1657 non
669 1633 810 1658 omnes
852 1619 1058 1658 humanas
1102 1623 1193 1657 ani-

74 1688 198 1726 mas,
240 1677 384 1722 unius,
426 1672 685 1726 ejusdemque
714 1672 849 1712 dicunt
879 1687 966 1712 esse
1007 1673 1192 1713 substan-

75 1733 173 1778 ziae,
202 1728 273 1768 sed
301 1727 477 1766 diversas
505 1735 658 1765 natura
687 1731 954 1767 animarum·

131 1782 220 1829 142.
250 1780 394 1821 Auam-
417 1780 752 1819 Constitucionum,
781 1780 961 1834 Apostol.'
987 1782 1033 1820 L.
1055 1781 1124 1819 IV.
1155 1795 1192 1821 c.

78 1835 142 1875 18.
173 1835 322 1885 Impios
342 1835 578 1883 haereticos,
609 1836 764 1887 inquit,
794 1838 1025 1886 resipiscere
1054 1836 1193 1873 nolen-

72 1898 133 1929 tes
163 1888 370 1937 deducite,
413 1888 464 1930 ζῇ*
492 1901 522 1927 a
551 1887 743 1940 fidelibus
771 1899 988 1940 separate,
1031 1889 1080 1930 (ΞΥ
1109 1888 1192 1927 Ec-

69 1942 195 1982 etesia
225 1942 304 1980 Dei
331 1941 473 1991 palam
516 1942 702 1993 expellite
721 1967 733 1980 .
782 1941 899 1980 Porro
927 1956 1014 1994 cap.
1042 1956 1101 1980 10.
1131 1942 1192 1979 di-

67 2007 181 2045 yersa
209 1993 489 2033 haereticorum.
523 2007 665 2045 genera
706 1996 963 2042 enumerans,
1012 1993 1191 2045 Quidam

67 2055 230 2098 eorum,
260 2049 415 2102 inquit,
452 2045 597 2086 docent
624 2059 708 2085 non
737 2060 825 2086 esse
853 2046 1081 2086 nubendum
1100 2078 1111 2097 ,
1141 2047 1192 2089 ὡς

71 2102 357 2142 abstinendum
384 2114 473 2140 esse
493 2113 521 2140 a
540 2114 690 2150 carne,
719 2101 770 2142 ὡ·
800 2105 889 2140 vino
904 2129 916 2140 .
932 2128 944 2140 .
962 2128 973 2140 .
990 2128 1001 2140 .
1024 2102 1102 2140 Alii
1131 2115 1192 2140 ve-

69 2168 118 2197 ro
147 2170 201 2196 ex
230 2160 278 2196 iis
305 2154 504 2210 ajebant,
533 2156 620 2193 sola
649 2155 769 2192 suilla
788 2154 1070 2193 abstinendum
1088 2185 1098 2204 ,
1129 2168 1194 2192 co-

69 2210 297 2260 medenda,
340 2224 431 2263 quoe
459 2207 681 2247 secundum
710 2209 840 2260 legem
875 2207 1090 2246 immunda
1119 2206 1194 2246 lia-

72 2263 215 2305 Bentur
230 2281 247 2312 ;
275 2266 624 2303 circumcisionem
653 2274 707 2299 ex
737 2262 824 2313 lege
853 2261 1133 2314 usurpandam
1150 2288 1192 2301 ...

67 2320 199 2372 Atque
239 2319 280 2358 lii
307 2329 449 2356 omnes
491 2324 583 2355 sunt
610 2314 774 2354 Diaboli
802 2319 1100 2366 instrumenta,
1142 2315 1193 2358 ὼ

57 2373 145 2427 filii
173 2378 248 2412 ἱνα»
276 2371 341 2424 (a)
359 2397 372 2409 .

126 2426 217 2473 145.
246 2425 287 2464 S.
316 2424 535 2477 Cyprianus
565 2424 605 2463 in
634 2422 739 2463 libro
767 2424 814 2463 de
849 2422 960 2463 Unic.
991 2421 1191 2463 Ecclesiae

68 2484 169 2519 totus
199 2487 280 2528 est,
310 2488 350 2516 ut
366 2477 463 2516 hanc
491 2479 691 2517 veritatem
712 2478 970 2528 demonstret,
1001 2479 1081 2517 imo
1110 2477 1193 2516 hae-

68 2535 208 2576 reticos
236 2546 314 2571 esse
343 2532 394 2570 ab
414 2531 589 2570 Ecclesia
619 2532 800 2584 praecisos
829 2533 958 2570 docet.
987 2530 1076 2570 Nec
1104 2545 1192 2583 per-

68 2590 200 2628 veniet
221 2617 233 2634 ,
278 2587 432 2638 inquit,
475 2585 531 2623 ad
564 2584 707 2623 Christi
735 2588 909 2635 proemia
927 2615 938 2634 ,
980 2590 1044 2637 qui
1073 2587 1192 2624 relin-

70 2644 155 2694 quit
184 2639 420 2679 Ecclesiam,
451 2638 622 2677 Christi.
664 2640 829 2677 Alienus
867 2647 953 2687 est,
996 2639 1192 2691 prcffanus

72 2703 134 2735 est
156 2725 167 2743 ,
197 2693 317 2732 hostis
346 2701 433 2731 est.
476 2691 641 2731 Habere
664 2694 761 2746 jam
790 2705 872 2730 non
901 2701 1027 2745 potest
1055 2691 1191 2733 Deum

71 2758 233 2801 patrem
250 2778 261 2797 ,
300 2751 365 2798 qui
393 2745 628 2786 Ecclesiam
656 2760 738 2785 non
766 2745 882 2785 habet
911 2756 1089 2786 matrem
1108 2775 1118 2786 .
1147 2747 1191 2787 Si

69 2806 194 2854 potuit
221 2800 390 2841 evadere
418 2805 629 2853 quisquam
649 2832 660 2850 ,
689 2805 755 2852 qui
783 2810 904 2839 extra
933 2814 1080 2839 arcam
1099 2800 1190 2841 Noe

59 2854 149 2910 suit
169 2887 181 2906 ,
209 2856 260 2897 (9
289 2859 354 2907 qui
381 2864 503 2893 extra
532 2854 767 2894 Ecclesiam
784 2855 895 2908 foris
911 2854 1068 2908 suerit,
1097 2869 1189 2894 eva-

72 2909 167 2949 dec.
213 2909 440 2960 Eademque
498 2923 564 2948 ene
607 2909 736 2962 phrasi
766 2910 807 2949 S.
838 2910 1071 2962 Augustinus
1101 2924 1190 2949 usus

73 2963 166 3005 Lib.
186 2962 257 3003 IV.
285 2962 336 3003 de
364 2923 506 3018 Symlb).
555 2962 611 3003 ad
643 2958 875 3004 Ciueclzum.
923 2979 1009 3018 cap.
1044 2964 1105 3005 15.
1147 2964 1191 3004 Sa·

134 3197 183 3235 (a)
215 3195 366 3230 Constit.
387 3194 512 3240 Apost.
538 3193 664 3229 Auctor
689 3198 922 3232 communiter
937 3197 1021 3231 Saec.
1040 3197 1100 3229 ΠΙ.
1129 3195 1192 3230 flo-

78 3240 206 3322 ἒᾞὲεει
229 3251 397 3286 putatur.
439 3241 521 3277 Vid.
548 3242 631 3276 Nat.
656 3243 856 3278 Alexander
882 3246 975 3280 Diss.
1002 3244 1114 3278 XVll·
1156 3244 1192 3277 in

133 3335 182 3376 (b)
211 3335 247 3369 S·
273 3335 422 3370 Basilius
460 3348 515 3383 ep.
544 3336 620 3374 188.
657 3334 700 3371 ad
732 3337 1020 3383 Amphilochium
1055 3348 1133 3372 can·
1161 3347 1192 3371 1.

2226 95 2308 148 175

1261 173 1374 224 quis,
1415 171 1564 223 inquit,
1607 170 1752 221 absque
1783 169 1970 211 Ecclesia
2001 174 2179 211 inventus
2208 172 2368 226 fuerit,

1262 226 1418 264 alienus
1461 228 1533 262 erit
1573 237 1599 261 a
1638 237 1805 262 numero
1837 227 2051 278 filiorum:
2098 240 2172 266 nec
2219 226 2375 266 habebit.

1262 278 1399 318 Deum.
1428 287 1587 329 patrem
1605 308 1615 325 ,
1659 282 1723 328 qui
1752 280 1919 316 noluerit
1948 280 2182 320 Ecclesiam
2222 280 2369 320 habere

1260 342 1437 372 matrem
1454 360 1464 371 .
1494 332 1543 371 Et
1571 332 1714 371 similia
1743 345 1846 383 saepe
1876 334 2036 383 repetit.

1320 387 1407 433 144.
1438 387 1612 440 Longum
1641 393 1734 426 esset
1762 386 1888 423 dicere
1918 386 1962 423 de
1993 386 2078 424 aliis
2098 387 2282 426 Ecclesiae
2300 387 2370 428 Pa-

1255 441 1374 480 tribus
1392 439 1710 493 subsequentibus
1727 469 1737 488 ,
1767 453 1838 478 nec
1862 439 2069 478 admodum
2093 445 2369 492 necessarium,

1256 508 1346 534 cum
1368 495 1499 534 Jurius
1521 497 1599 548 ipse
1620 493 1830 541 concedat,
1859 491 1942 544 jam
1971 494 2078 531 tertio
2107 495 2250 532 saeculo
2270 495 2372 535 hanc

1256 550 1475 601 opinionem
1495 579 1504 597 ,
1534 561 1654 601 quain
1683 547 1879 586 crudelem
1897 576 1907 595 ,
1946 546 2229 600 absurdamque
2259 562 2370 588 voca-

1257 614 1297 640 re
1329 602 1388 641 illi
1419 602 1568 654 placet,
1600 602 1638 640 in
1670 602 1801 641 Africa
1831 600 2038 640 invaluisse
2068 602 2167 639 inter
2190 600 2373 654 Rebapti-

1257 665 1407 705 zautes,
1441 656 1540 693 unde
1571 657 1607 693 in
1639 655 1770 693 Asiam
1802 663 2011 707 penetrasse
2042 655 2258 702 contendit,
2290 655 2374 693 ideo

1257 711 1361 747 enim
1393 714 1406 759 (
1440 719 1477 748 ut
1507 708 1605 746 reste
1653 709 1755 747 idem
1784 709 1916 747 Jurius
1958 708 2134 747 observat
2163 708 2178 758 )
2207 709 2375 762 Cypria-

1257 776 1350 809 nus,
1383 762 1664 811 Firmilianus,
1695 762 1840 815 aliique
1872 763 2153 801 Haereticorum
2184 762 2375 816 baptisma

1258 815 1411 853 nullum
1442 830 1518 854 esse
1540 816 1842 865 existimabant,
1891 818 1984 870 quia
2014 829 2083 869 pro
2111 826 2214 855 certo
2255 816 2376 855 habea

1258 867 1353 906 bant
1381 883 1442 908 eos
1471 878 1575 907 extra
1604 869 1821 908 Ecclesiam
1851 883 1928 909 esse
1951 869 2034 923 (ωε
2064 870 2096 908 8<
2117 869 2216 910 alibi
2246 870 2373 909 liben=

1258 930 1314 960 ter
1343 921 1383 960 S.
1415 924 1669 974 Augustinum
1713 924 1824 963 nobis
1864 925 2065 973 concedit,
2107 924 2288 963 eumdem
2325 924 2377 963 ab

1258 987 1386 1014 errore
1415 978 1473 1013 sui
1504 975 1636 1014 saeculi
1666 976 1866 1029 deceptum
1896 991 1972 1016 esse
1991 1009 2000 1026 ,
2030 980 2352 1018 comminiscens.

1319 1029 1408 1074 145.
1439 1028 1550 1067 Unus
1579 1038 1705 1067 tamen
1737 1031 1931 1069 addendus
1960 1033 2065 1070 ests.
2089 1033 2376 1086 Hieronymus,

1260 1083 1303 1123 in
1333 1095 1409 1135 quo
1438 1081 1597 1134 aliquod
1628 1095 1706 1120 suae
1736 1096 1862 1120 causae
1884 1086 2112 1135 praesidium
2141 1086 2214 1124 sibi
2245 1087 2378 1124 Jutius

1262 1137 1460 1175 advenisse
1490 1136 1594 1174 visus
1623 1138 1700 1173 est:
1731 1144 1767 1173 at
1797 1150 1916 1187 quam
1946 1138 2139 1174 immerito
2169 1138 2229 1176 vel
2259 1153 2304 1177 ex
2333 1152 2378 1176 eo

1261 1189 1339 1228 solo
1359 1198 1538 1242 apparet,
1569 1190 1671 1242 quod
1693 1190 1732 1228 in
1754 1188 1851 1227 dial.
1874 1189 1963 1228 adv.
1986 1188 2266 1243 Luciferianos
2288 1193 2379 1229 Hae-

1254 1245 1467 1283 seticorum
1497 1242 1612 1281 sectas
1643 1242 1812 1297 appellet
1842 1242 2075 1282 Anticliristi
2104 1244 2379 1298 Synagogas.

1322 1296 1409 1343 146.
1440 1297 1515 1335 Sed
1545 1296 1579 1333 &
1610 1296 1680 1334 illa
1708 1296 1898 1334 distinctio
1939 1298 2193 1337 articulorum
2221 1298 2382 1351 junda-

1262 1351 1504 1389 mentalium
1522 1380 1533 1398 ,
1562 1350 1612 1391 (θ’
1633 1363 1714 1387 ηοη
1730 1349 2118 1401 jizrzdamentalium
2139 1352 2186 1390 ad
2208 1362 2379 1392 mentem

1261 1405 1361 1444 Jurii
1382 1405 1527 1442 nedum
1555 1405 1817 1443 commentitia
1837 1413 1916 1453 est,
1947 1415 2028 1457 post
2055 1419 2116 1457 17.
2136 1406 2279 1445 saecula
2299 1409 2381 1459 pti-

1261 1473 1371 1497 mum
1402 1458 1559 1506 audita,
1604 1458 1667 1496 sed
1705 1459 1821 1496 etiam
1850 1457 1986 1497 3111161111
2016 1458 2191 1497 Patribus
2232 1470 2381 1498 contra-

1261 1514 1342 1561 ria,
1373 1528 1394 1550 a
1423 1512 1566 1565 quibus
1596 1512 1677 1549 sine
1707 1511 1788 1549 ullo
1816 1512 2038 1551 discrimine
2067 1515 2193 1551 omnis
2222 1512 2382 1552 haeresis

1262 1567 1559 1605 condemnatur.
1591 1565 1638 1604 Et
1671 1564 1830 1603 ulterius
1859 1565 1970 1604 nulla
1997 1576 2098 1605 certa
2127 1566 2258 1619 regula
2287 1581 2380 1606 con-

1260 1621 1365 1658 stitui
1397 1617 1575 1658 hasteuus
1597 1620 1717 1671 potuit
1735 1650 1745 1668 ,
1774 1634 1854 1672 qua
1881 1621 1964 1657 sine
1990 1622 2094 1659 omni
2124 1623 2381 1660 controversia.

1260 1673 1516 1712 articulorum
1562 1672 1914 1711 fundamentalitnn
1945 1673 2138 1725 catalogus
2180 1677 2379 1713 constitue·

1260 1738 1385 1765 retur.
1416 1728 1521 1776 Quos
1551 1728 1655 1765 enim
1684 1727 1815 1764 Jurius
1835 1740 1895 1767 ex.
1916 1737 2013 1778 grat.
2044 1727 2224 1766 articulos
2245 1728 2379 1767 Trini-

1260 1783 1347 1821 tatis
1392 1794 1668 1833 personarum,
1711 1779 1938 1819 Divinitatis
1969 1780 2116 1829 Verbi,
2159 1781 2381 1834 Christique

1260 1833 1524 1874 satisfaffionis
1553 1836 1593 1872 iu
1625 1832 2012 1885 fundamentalibus
2049 1835 2183 1887 ponit,
2227 1835 2379 1873 eosdem

1260 1889 1455 1926 Sociniani
1483 1897 1564 1939 post
1594 1886 1840 1935 Sabelliuin,
1872 1888 2010 1925 Arium
2033 1918 2044 1936 ,
2088 1887 2293 1926 Photinum
2316 1919 2328 1937 ,
2357 1904 2381 1927 a.

1261 1941 1461 1992 Religione
1480 1939 1699 1978 Christiana
1729 1942 1879 1992 penitus
1899 1940 2135 1992 explodunt.
2167 1942 2381 1995 Episcopus

1260 2003 1388 2032 autem
1407 2023 1418 2042 ,
1461 1993 1607 2047 aliique
1637 2006 1715 2032 non
1745 1995 1861 2046 pauci
1900 1994 2155 2033 indifferentes
2185 2009 2262 2033 esse
2290 2009 2382 2035 con·

1227 2061 1232 2066 ·
1261 2048 1445 2095 tendunt,
1490 2056 1531 2086 ut
1559 2048 1677 2100 possit
1706 2047 1872 2100 quilibet
1901 2049 1943 2086 111
1972 2049 2019 2086 iis
2048 2047 2224 2099 judicic,
2255 2049 2288 2086 8<
2319 2064 2380 2088 ar-

1259 2100 1405 2139 bitratu
1425 2114 1493 2139 suo
1512 2101 1665 2152 opinari
1681 2125 1692 2138 .
1724 2101 1850 2153 Atque
1879 2102 1939 2139 isti
1969 2103 2151 2152 postremi
2171 2102 2246 2139 sibi
2265 2104 2379 2153 ipsis,

1261 2156 1417 2207 suisque
1447 2154 1651 2206 principiis
1679 2155 1803 2205 magis
1840 2156 2081 2192 consentanei
2112 2163 2225 2192 sunt.
2268 2155 2310 2194 Si
2339 2169 2378 2193 e-

1260 2208 1344 2246 nim
1367 2206 1552 2245 tolerandi
1573 2208 1648 2245 sint
1668 2215 1835 2245 errantes
1864 2208 1902 2245 in
1921 2206 2095 2246 articulis
2126 2208 2251 2247 minus
2272 2210 2379 2262 prin⁶

1262 2259 1481 2314 cipalibus,
1511 2262 1604 2313 quia
1634 2259 1851 2298 humanum
1880 2269 1933 2299 est
1962 2274 2111 2308 errare,
2142 2274 2218 2299 non
2249 2263 2380 2302 minus

1262 2316 1377 2353 ceteri
1406 2326 1538 2352 omnes
1567 2313 1721 2353 tolerari
1750 2312 1972 2363 debebunt,
2002 2315 2070 2367 qui
2099 2314 2271 2354 humana
2300 2317 2379 2356 fra-

1261 2368 1405 2421 gilitate
1426 2369 1465 2406 in
1484 2368 1725 2420 dogmatibus
1753 2367 1995 2420 gravioribus
2023 2377 2171 2417 errant,
2200 2382 2291 2407 cuin
2311 2383 2379 2409 ne-

1260 2424 1408 2461 minem
1438 2431 1638 2474 agnoscant
1681 2421 1820 2460 horum
1849 2423 2072 2474 dogmatum
2113 2420 2283 2474 judicem
2315 2425 2376 2462 in·

1260 2476 1471 2515 fallihilem
1515 2484 1654 2528 praeter
1683 2475 1832 2514 divinas
1873 2475 2042 2527 litteras,
2088 2490 2184 2529 quas
2212 2476 2378 2530 quilibet

1260 2532 1413 2584 privato
1442 2543 1509 2569 suo
1536 2529 1683 2582 judicio
1714 2528 1812 2568 reste
1841 2529 2056 2582 intelligere
2076 2531 2222 2569 credit.
2252 2531 2301 2569 Et
2323 2533 2375 2571 ita

1260 2587 1417 2624 inventa
1446 2583 1562 2622 semel
1593 2583 1665 2623 hac
1695 2583 1919 2634 tolerantia,
1951 2583 2055 2622 nulla
2085 2583 2164 2635 jam
2186 2593 2298 2622 eruut
2317 2599 2376 2623 er-

1251 2646 1392 2678 ‘rorum
1423 2646 1586 2677 monstra
1605 2667 1615 2685 ,
1659 2650 1747 2690 quae
1779 2650 1892 2690 aequo
1933 2637 2019 2689 jure
2047 2638 2121 2676 sibi
2151 2638 2305 2692 asylum
2335 2641 2375 2679 in

1259 2692 1460 2740 Ecclesia,
1491 2691 1525 2728 8:
1554 2691 1797 2730 tolerantiam
1824 2704 1898 2729 non
1930 2692 2147 2730 vindicent.

1318 2747 1406 2799 147.
1435 2745 1529 2797 Obj.
1553 2759 1589 2784 2.
1621 2747 1636 2796 (
1660 2743 1693 2780 8<
1724 2744 1794 2783 hoc
1824 2754 1877 2783 est
1906 2747 2147 2798 potissimum
2166 2744 2371 2787 Juriifun·

1258 2801 1478 2840 damentum
1510 2801 1556 2848 ).
1598 2799 1784 2839 Haeretici
1821 2809 1904 2837 sunt
1932 2797 2119 2837 Ecclesiae
2162 2800 2340 2838 membra
2360 2829 2373 2850 ,

1257 2855 1361 2908 quod
1400 2853 1598 2906 colligitur
1641 2854 1768 2906 primo
1796 2866 1841 2890 ex
1885 2852 2069 2905 parabola
2109 2853 2373 2902 zizaniorum,

1257 2923 1346 2961 quae
1384 2909 1563 2946 inimicus
1594 2906 1707 2945 homo
1747 2906 1848 2944 bono
1877 2908 2014 2945 semini
2056 2909 2374 2959 superseminavit

1256 2963 1299 3002 in
1328 2975 1419 3016 agro
1446 2961 1634 3010 Domini,
1663 2959 1804 3000 Matth.
1825 2960 1932 3000 Xlll.
1961 2960 2127 3000 Nomine
2155 2962 2260 3000 enim
2290 2961 2373 3014 agri

2253 3029 2317 3055 ve-

1260 3192 1399 3238 inqnitt
1442 3190 1562 3225 Visum
1585 3199 1642 3227 est
1664 3194 1842 3239 antiquis,
1883 3189 2130 3226 Haereticorum
2154 3191 2285 3236 quidem
2310 3189 2368 3225 ba-

1259 3246 1384 3285 ptisma
1408 3243 1545 3283 penitus
1571 3241 1718 3286 rejicere
1733 3256 1747 3279 ‚·
1784 3240 2096 3274 Schismaticoram
2121 3251 2217 3277 vero,
2243 3243 2279 3271 ut
2301 3239 2368 3272 ad·

1260 3288 1324 3323 huc
1349 3291 1386 3323 ι’11.
1411 3287 1579 3324 Ecclesia
1603 3291 1825 3324 existentiun
1848 3289 2055 3322 admittere.
